2880 4776
647 192 853 267 *iia*

127 370 227 438 lentio
256 371 384 435 ineerta
414 377 474 434 est.
524 369 565 433 In
585 369 679 453 idyll.
703 376 758 450 11,
780 375 809 432 8.
840 385 934 434 senus
954 369 1113 435 muliebre
1130 367 1177 451 *);
1211 370 1246 434 in
1268 348 1370 454 epigr.

130 483 177 557 70,
200 484 228 540 6.
251 475 338 559 (eliit
361 475 473 558 denus)
495 477 531 540 in
552 477 703 559 technop.
726 475 755 539 d.
777 476 854 540 hist.
877 482 916 538 26
936 474 1024 558 (alin
1047 475 1171 560 pecus).

211 583 355 649 Tantum
377 586 417 648 de
431 576 566 648 dicendi
575 582 845 667 proprietatibus,
867 603 948 665 quas
968 580 1137 647 Ausonius
1158 582 1192 645 in
1213 601 1277 646 usu
1299 583 1373 646 sub-

127 692 349 756 stantivorum
371 689 482 754 habet.

603 984 901 994 ——-—--—

603 995 901 1005 ——-—--

559 1217 835 1315 Quaestio
876 1216 936 1315 ΙΙ.

477 1433 540 1515 lie
572 1434 754 1515 nomine
787 1392 1024 1516 adientivo.

709 1682 739 1760 s.
763 1691 791 1744 1.

270 1915 273 1922 .
302 1843 357 1924 iia
376 1789 550 1925 adieetivi
574 1841 830 1925 terminatione
857 1846 893 1924 at
917 1840 1196 1947 significatione.

211 2013 258 2078 Ut
280 2013 315 2076 in
337 2012 638 2091 substantivorum,
668 2013 716 2075 sio
738 2013 840 2077 etiam
860 2013 895 2075 in
917 2011 1155 2079 adieetivorum
1181 2035 1244 2079 usn
1268 2014 1374 2082 Auso·

27 2206 30 2213 Ι
129 2120 204 2184 nius
235 2125 269 2184 et
297 2119 458 2183 novitatis
488 2117 672 2183 studiosum
702 2125 736 2184 et
762 2120 943 2184 vetustatis
974 2128 1139 2186 amantem
1162 2143 1196 2185 se
1218 2122 1372 2188 ostendit.

129 2225 216 2291 Nam
238 2232 271 2292 et
292 2225 399 2290 multa
422 2224 588 2290 adieetiva
609 2225 759 2291 obsoleta
780 2231 839 2291 aut
862 2233 950 2291 certe
972 2227 1155 2293 obsoletam
1178 2249 1289 2294 eorum
1309 2237 1372 2294 ter·

130 2333 344 2399 minationem
372 2353 432 2397 nec
461 2332 624 2416 politioris
653 2333 768 2398 Latini
796 2335 953 2398 sermonis
975 2335 1190 2416 scriptoribus
1211 2337 1372 2400 usitatam

129 2441 241 2525 posuit
263 2447 297 2504 et
318 2439 483 2523 permulta
505 2461 591 2504 nova
611 2441 723 2519 finxit,
756 2441 843 2504 inter
871 2461 955 2523 quae
985 2461 1124 2524 magnus
1146 2449 1197 2507 est
1217 2463 1372 2507 numerus

131 2547 367 2612 adieetivorum
391 2548 653 2630 compositorum.
695 2546 795 2611 Libet
815 2547 919 2630 primo
941 2547 1012 2612 loeo
1034 2548 1144 2611 omnia
1164 2551 1297 2613 nomina
1318 2549 1372 2615 ad·

125 2654 257 2733 ieotiva,
280 2674 363 2736 quae
386 2659 545 2734 quantum
569 2653 720 2735 equidem
742 2654 808 2717 snio
824 2653 992 2718 Ausonius
1014 2654 1138 2737 primus
1160 2654 1303 2735 exhibet,
1325 2676 1371 2720 re·

125 2759 218 2821 ferre.

533 2966 560 3024 1.
602 2958 770 3025 Adieodva
790 2958 964 3040 simplicis.
1011 3003 1013 3007 ψ

226 3105 410 3172 Adoneus
431 3108 466 3172 in
487 3108 580 3191 idyll.
605 3115 653 3172 12.
676 3107 715 3172 de
737 3108 813 3172 hist.
836 3113 865 3170 3.

226 3214 428 3279 Aeduious
449 3222 576 3298 parent.
600 3221 628 3295 2,
651 3222 695 3293 2.;
717 3213 796 3279 ibid.
819 3220 851 3292 4,
872 3220 901 3277 3.

226 3319 505 3404 Bigerritanus
527 3323 562 3385 in
585 3323 680 3405 epist.
705 3329 741 3385 11
766 3329 849 3386 extr.

227 3426 476 3510 Byzantinus
498 3429 575 3493 alar.
599 3429 669 3493 urb.
694 3435 793 3508 2,13.
817 3426 945 3510 (Sidon.
969 3426 1064 3510 epist.
1087 3434 1117 3506 4,
1141 3428 1183 3510 7.)

226 3533 559 3599 Demosthenious
580 3536 662 3619 prof.
686 3543 714 3615 1,
737 3542 785 3598 19.

227 3640 478 3706 choriambus
501 3643 595 3725 epist.
619 3648 668 3723 10,
690 3648 740 3706 37.
838 3725 841 3729 Ι

136 3746 139 3751 ’
225 3747 497 3831 Dionysiaous
519 3748 621 3833 eulog.
643 3748 683 3812 de
705 3749 765 3813 fer.
784 3748 877 3812 Rom.
901 3752 949 3810 29.

226 3854 477 3938 dogmaticus
499 3852 592 3938 idyll.
616 3862 663 3936 17,
688 3863 736 3920 16.

226 3959 492 4027 Dumnotinus
514 3963 609 4046 epist.
632 3950 661 4043 3,
683 3967 733 4026 54.

226 4053 515 4151 Endymioneus
538 4068 630 4154 idyll.
653 4074 682 4149 6,
704 4077 753 4132 41.

227 4171 417 4239 Galluius
439 4177 516 4241 alar.
540 4177 611 4241 urb.
634 4184 662 4258 8,
687 4183 714 4238 2.

330 4323 422 4333 ..ο-...-

141 4385 352 4454 *onerandum
369 4394 410 4442 est
427 4404 501 4444 serus
520 4388 571 4445 hoe
588 4390 647 4445 loro
665 4391 861 4448 nominativum
888 4412 958 4463 esse,
982 4412 1049 4463 non,
1075 4404 1105 4452 nt
1122 4397 1188 4451 otius
1207 4399 1378 4468 plerumque„

190 4493 277 4532 mons.
296 4477 390 4548 qualit

1142 4575 1172 4625 ἣ.
