2880 4776
598 181 784 236 -.g-

70 328 183 422 gutias
204 337 391 420 plausibilis
414 339 579 401 sermonis.
624 337 733 412 Quare
756 339 893 421 aequius
916 338 1054 404 admitte
1075 339 1225 424 linguam
1247 354 1314 405 sae·
1375 319 1385 335 Χ

71 445 137 508 culi
158 445 264 510 nostri
286 452 320 509 et
342 445 453 508 deesse
484 445 560 508 huic
587 446 746 528 epistolae
772 448 910 511 atticam
937 447 1115 511 sanitatem
1137 446 1215 511 boni
1242 468 1314 512 con·
1350 484 1353 488 Δ

71 553 151 617 sule.
203 551 250 616 cf.
273 553 368 616 Ferd.
391 552 507 631 Haud,
533 552 706 617 Lehrbueh
730 553 786 616 des
807 553 1026 617 lateinischen
1050 551 1141 617 Stils.
1164 573 1239 637 pag.
1265 559 1313 616 79.

70 658 237 723 Summam
261 660 418 724 sermonis
442 659 642 744 elegantiam
656 667 748 724 ,tunc
775 659 978 724 affectabant
999 660 1033 722 in
1054 660 1166 724 ieiuna
1188 680 1314 724 concer·

69 766 197 831 tatione
221 772 322 849 atque
343 767 435 831 inani
457 766 630 831 verborum
653 768 812 849 strepitu,
833 767 904 844 vel,
926 773 964 831 ut
987 788 1051 831 uno
1074 767 1173 831 verbo
1197 767 1314 847 dicam,

69 875 103 936 in
125 873 196 938 stili
218 879 354 938 tumore.
385 872 485 937 Ouius
507 874 555 937 rei
577 879 735 956 tanquam
759 874 1048 959 elegantissimum·
1057 875 1241 957 exemplum
1263 882 1314 940 est

68 983 172 1064 ipsius
194 981 321 1046 Ausoni
344 979 536 1045 Gratiarum
558 982 664 1060 actio,
686 1003 744 1065 pro
767 982 940 1058 consulatu
963 982 1120 1063 epistola,
1141 983 1314 1066 panegyri-

71 1111 127 1154 cus
156 1089 230 1169 ille,
258 1090 345 1153 omni
372 1088 545 1152 verborum
566 1093 693 1152 tumore
717 1107 755 1151 ac
777 1088 919 1170 strepitu
945 1088 1133 1153 calamistro
1154 1093 1313 1171 tanquam

68 1197 216 1262 adhibito
246 1196 415 1279 praeditus
445 1202 545 1278 atque
575 1196 719 1260 inflatus.
772 1194 837 1269 Qui
858 1196 968 1260 inanis
990 1183 1164 1260 verborum
1185 1197 1313 1261 sonitus

69 1304 279 1387 ambitusque
301 1304 476 1387 praecipue
492 1311 526 1366 in
542 1304 671 1387 magnis
688 1303 861 1388 longisque
876 1302 1018 1386 periodis
1035 1305 1188 1368 cernitur.
1219 1303 1312 1379 Quae

71 1419 285 1497 „stagnantes
307 1412 414 1475 instar
436 1410 538 1475 effuso
561 1417 708 1475 torrente
731 1409 853 1492 aquas“
877 1409 1063 1475 redundant
1086 1413 1179 1494 copia
1201 1411 1312 1477 verbo·

67 1541 201 1582 rumex
223 1519 438 1604 grandiloquo
462 1539 516 1581 ore
540 1517 728 1580 effusorum:
754 1517 940 1582 consistunt
962 1517 1311 1602 plerumque—atque

67 1626 150 1691 haec
173 1647 303 1690 summa
325 1647 436 1690 earum
459 1624 556 1688 debet
579 1646 649 1688 esse
672 1625 839 1708 elegantia
861 1625 1157 1708 in-syllabarum
1179 1626 1244 1691 sibi
1265 1648 1310 1691 re·

67 1734 297 1817 spondentium
319 1734 489 1815 aequitate
511 1753 549 1796 ac
571 1732 751 1815 parilitate.

150 1841 212 1906 Oui
233 1842 280 1905 rei
302 1861 404 1905 unum
426 1847 557 1905 tantum
579 1840 764 1922 exemplum
794 1861 833 1903 ex
856 1837 1048 1905 Gratiarum
1075 1842 1204 1906 actione
1230 1842 1311 1924 peti-

65 1956 137 2013 tum
160 1949 348 2013 adiunxisse
371 1947 520 2013 sufficiet.
563 1948 600 2010 L.
623 1968 648 2010 c.
672 1949 706 2010 in
728 1949 757 2025 ξ.
782 1947 981 2032 elegimus:

150 2105 156 2118 .
181 2106 187 2118 .
212 2105 218 2117 .
242 2056 300 2119 sed
321 2075 556 2138 usquequaque
579 2042 705 2137 gratias
728 2077 805 2137 ago,
827 2061 899 2118 tum
921 2062 1048 2134 tacens,
1070 2062 1142 2120 tum
1163 2054 1309 2138 loquens,

65 2165 193 2229 tamin
216 2171 312 2229 coetu
332 2163 515 2242 hominum,
545 2169 616 2226 tum
644 2163 879 2244 ipsemecum,
907 2169 940 2226 et
963 2183 1036 2226 cum
1059 2182 1137 2226 voce
1159 2163 1254 2245 patui
1277 2169 1309 2227 et

66 2292 140 2335 cum
162 2270 378 2335 meditatione
400 2272 520 2336 secessi
542 2319 548 2335 .
573 2319 579 2332 .
604 2274 640 2332 .‘.
665 2318 671 2331 .
696 2318 702 2332 .
1109 2282 1139 2333 ·.

145 2379 187 2443 ld
208 2399 312 2464 genus
340 2378 488 2460 exempla
515 2377 537 2440 l.
561 2397 586 2440 c.
618 2398 720 2459 usque
749 2377 791 2441 ad
822 2377 994 2443 fastidium
1024 2378 1130 2443 multa
1158 2378 1307 2464 legimus.

66 2485 131 2562 Qui
154 2485 311 2551 sermonis
333 2492 442 2577 tumor
464 2506 500 2550 eo
523 2486 629 2570 magis
651 2484 786 2548 auribus
808 2506 906 2570 aegre
928 2486 1079 2549 ferendus
1102 2492 1166 2564 est,
1188 2487 1308 2569 quippe

64 2597 120 2676 qui
142 2595 325 2660 sententias
347 2613 445 2674 saepe
467 2591 623 2676 neglegat
646 2599 679 2656 et
702 2591 864 2657 obscuret.

148 2701 230 2767 Oum
251 2702 313 2766 hae
335 2707 447 2766 autem
472 2699 603 2778 fucosa,
633 2700 767 2783 turgida
796 2701 1039 2783 artificiosaque
1068 2700 1224 2767 sermonis
1252 2721 1306 2765 na·

63 2817 141 2875 tura
163 2810 230 2874 alia
252 2810 416 2874 artissime
440 2807 614 2871 cohaerent
636 2808 729 2871 vitia.

146 2917 196 2980 Ae
226 2917 365 3000 primum
393 2915 554 2981 novitatis
583 2914 751 2978 Ausonius
780 2913 948 2979 studiosus
977 2923 1058 2981 erat.
1101 2916 1211 2982 ⁴Nova
1239 2937 1307 3000 per·

63 3023 168 3088 multa
196 3024 293 3088 finxit
321 3022 484 3087 vocabula
510 3043 615 3105 neque
638 3044 712 3087 raro
734 3044 836 3087 novas
859 3043 969 3087 eorum
991 3024 1250 3109 significationes
1273 3032 1306 3090 et

63 3118 320 3195 terminationes.
357 3128 451 3204 Quod
473 3129 618 3196 studium
640 3130 790 3212 inprimis
812 3132 846 3194 in
869 3131 1004 3196 vocibus
1027 3133 1216 3216 compositis
1238 3154 1306 3216 per·
1363 3170 1366 3183 ·

63 3239 210 3322 spicitur.
252 3237 411 3320 Exempla
434 3239 502 3301 suis
524 3258 672 3321 quaeque
694 3238 775 3302 locis
797 3239 884 3303 infra
905 3240 1099 3305 inserentur.

145 3345 229 3409 Tum
252 3345 433 3409 archaismo
455 3345 623 3409 Ausonius
646 3365 826 3410 sermonem
854 3367 949 3410 suum
976 3345 1142 3412 maculare
1163 3369 1228 3412 non
1250 3346 1304 3411 du·

60 3450 194 3516 bitavit.
239 3449 333 3526 Quod
357 3451 475 3515 vitium
508 3474 585 3516 sane
608 3452 840 3536 scriptoribus,
870 3455 926 3536 qui
945 3455 1075 3522 Ausoni
1097 3455 1227 3520 saeculo
1249 3454 1304 3518 flo-

60 3565 213 3637 ruerunt,
244 3579 412 3623 commune
436 3566 516 3624 erat.
559 3558 662 3625 Velut
684 3559 916 3644 Symmachus,
947 3563 999 3626 vir
1025 3563 1178 3628 dexterae
1200 3559 1302 3624 erudi·

59 3668 169 3747 tionis,
190 3669 225 3731 in
247 3668 341 3750 epist.
358 3673 385 3746 3,
401 3673 451 3730 44.
473 3668 614 3752 ingenue
635 3670 769 3749 fatetur,
793 3691 827 3732 se
849 3666 1034 3749 ἀρχαϊσμὸν
1057 3668 1220 3734 scribendi
1237 3690 1302 3732 non

58 3775 202 3839 invitum
216 3775 382 3840 affectare.
408 3775 526 3840 Multis
549 3777 718 3840 vocabulis
734 3777 903 3842 Ausonius
919 3797 998 3842 usus
1019 3785 1081 3856 est,
1105 3775 1180 3840 aliis
1202 3775 1301 3859 paulo

59 3883 165 3967 magis
186 3882 321 3965 priscis,
351 3883 426 3947 aliis
449 3883 622 3962 obsoletis,
653 3885 909 3967 saepissimeque
932 3882 1080 3950 obsoleta
1102 3904 1218 3949 vocum
1239 3892 1301 3950 ter·

59 3990 238 4054 minatione
268 3996 302 4054 et
331 3989 560 4055 declinatione.
622 3990 782 4073 Exempla
809 3992 873 4054 hue
904 3990 1087 4056 revocanda
1116 3991 1203 4057 infra
1233 3992 1301 4055 suis

59 4116 208 4179 quaeque
228 4096 310 4161 locis
332 4097 520 4162 afferentur.

140 4203 291 4286 Denique
314 4205 397 4268 satis
419 4205 592 4268 familiaris
614 4205 762 4269 Ausonio
784 4212 855 4269 erat
876 4204 1028 4286 licentia,
1058 4209 1153 4273 utin
1178 4207 1299 4273 Latino

57 4331 203 4375 sermone
226 4309 353 4376 Graeca
375 4311 575 4377 admitteret.
603 4312 652 4376 De
676 4332 741 4393 qua
761 4334 796 4376 re
818 4313 885 4376 iam
905 4313 958 4377 hio
980 4314 1114 4380 uberius
1136 4315 1216 4381 mihi
1238 4314 1299 4378 dis·

38 4417 221 4476 serendum
243 4424 310 4495 est,
348 4439 413 4499 quo
434 4419 522 4483 inira
544 4420 578 4482 in
600 4420 642 4483 iis
663 4427 795 4485 tantum
817 4421 1093 4505 proprietatibus,
1121 4442 1203 4504 quas
1232 4422 1298 4485 Au-
