2880 4776
604 186 912 245 -.6--

78 340 294 426 exstiterunt,
315 346 403 409 inter
425 367 509 428 quae
530 347 661 411 honoris
685 368 785 411 causa
805 345 988 431 Boeckingi
1010 345 1186 410 editionem
1206 339 1323 411 Mosel-

76 453 129 517 lae
152 447 383 519 commemoro(
400 453 510 538 Igitur
531 454 626 517 valde
637 454 742 518 adhue
758 455 927 518 Ausonius
937 453 1109 538 neglectus
1120 450 1324 517 est—Num

78 581 136 625 suo
158 561 229 624 iure
252 581 291 625 ac
312 560 450 625 merito?
473 561 634 643 Equidem
654 583 719 624 non
741 567 831 643 puto.
874 560 960 624 Nem
983 561 1133 644 quamvis
1155 558 1323 623 Ausonius

77 674 116 733 ut
137 674 236 751 poeta
257 668 352 751 parvi
374 667 598 732 aestimandus
621 668 665 731 sit
688 668 778 747 (vide
799 665 917 748 infra),
941 664 1031 731 unde‘
1047 668 1173 731 factum
1195 672 1262 745 est,
1284 672 1323 731 ut

78 775 211 857 quidam
233 775 263 838 ei
285 774 518 839 versificatoris
549 797 612 839 non
644 780 760 857 poetae
790 796 906 838 nomen
928 774 1212 839 attribuerent-
1235 779 1324 838 certe

77 881 188 947 rhetor
210 882 381 964 cultorque
411 889 571 964 tanquam
592 882 723 945 infimae
746 882 903 947 sermonis
924 881 1038 947 Latini
1061 881 1183 946 aetatis
1204 902 1324 965 magno

78 989 173 1053 nobis
197 989 294 1054 debet
317 1009 387 1052 esse
409 994 583 1053 momento.
627 987 699 1079 Qup
722 990 828 1075 magis
849 989 1034 1053 mirandum
1056 994 1116 1067 est,
1139 987 1225 1070 quod
1246 1009 1324 1051 non·

79 1097 156 1161 dum
178 1097 352 1180 quisquam
377 1096 505 1160 Ausoni
531 1097 750 1179 proprietates
776 1095 906 1160 dicendi
933 1095 1109 1180 indagatas
1132 1096 1325 1178 composuit,

78 1205 132 1269 vel
153 1205 236 1283 ideo,
260 1209 298 1268 ut
320 1211 580 1288 cognosceretur,
604 1209 767 1285 quatenus
789 1202 957 1267 Ausonius
980 1202 1021 1266 ab
1045 1203 1241 1285 optimorum
1262 1201 1325 1266 Ro·

80 1333 249 1377 manorum
270 1331 333 1375 usu
355 1310 483 1374 dicendi
505 1309 701 1375 discesserit.
761 1310 834 1373 Hac
856 1316 968 1375 autem
989 1314 1062 1393 ipsa
1083 1331 1118 1373 re
1141 1309 1325 1374 constituta

80 1427 240 1502 quantum
262 1418 304 1482 ad
325 1418 454 1483 Ausoni
476 1439 574 1501 opere
597 1439 695 1499 quum
719 1418 833 1483 critice
856 1424 927 1482 tum
943 1417 1157 1502 grammatice
1180 1416 1325 1499 proficia-

77 1536 134 1592 tur
154 1527 353 1592 illustranda
376 1527 598 1590 demonstrare
622 1526 825 1608 supersedeo.

163 1633 292 1708 Quibus
319 1634 359 1697 de
386 1634 493 1696 censis
521 1632 650 1696 lubenti
673 1633 780 1697 animo
803 1653 934 1715 operam
956 1633 1104 1716 suscepi,
1137 1638 1175 1696 ut
1196 1630 1325 1697 Ausoni

81 1761 184 1826 genus
213 1740 342 1805 dicendi
370 1741 405 1803 in
435 1742 660 1822 quaestionem
682 1761 842 1804 vocarem.
893 1740 966 1815 Quo
988 1740 1101 1805 labore
1124 1741 1152 1803 si
1175 1741 1324 1805 futurum

81 1856 142 1929 est,
163 1855 203 1916 ut
223 1849 323 1931 paulo
344 1849 540 1913 familiarior
561 1848 667 1913 doctis
692 1849 816 1912 existat
838 1847 1016 1926 Ausonius,
1037 1849 1223 1939 maiorem
1245 1847 1324 1911 lau·

80 1957 162 2023 dem
184 1978 296 2040 quam
318 1956 489 2020 laborem
511 1957 709 2019 invenero.

159 2063 273 2138 Quum
303 2069 415 2128 autem
447 2063 643 2145 „benignum
673 2071 706 2127 et
736 2063 868 2145 plenum
896 2064 1032 2146 ingenui
1053 2063 1186 2147 pudoris
1208 2069 1259 2128 ost
1280 2063 1327 2126 fa·

80 2172 161 2251 teri,
190 2192 248 2254 per
278 2191 359 2253 quos
389 2171 602 2253 profeceris“,
631 2171 683 2232 his
712 2168 806 2233 libris
835 2170 985 2235 nonnihil
1006 2191 1058 2233 me
1080 2190 1151 2234 esse
1174 2169 1325 2235 adiutum

80 2279 247 2362 profiteor:

164 2386 274 2465 Neue,
295 2386 485 2450 Formlehre
507 2385 537 2449 d.
559 2384 634 2449 Lat.
658 2383 813 2467 Sprache.

165 2493 280 2572 Klotz,
297 2492 607 2557 »Handworterbuoh
630 2492 659 2554 d.
682 2491 756 2556 Lat.
779 2491 932 2575 Spreche.
