2880 4776
613 215 820 283 ...ρε-

177 385 218 452 ln
240 386 341 471 prael.
363 373 504 451 Gentem
525 383 681 469 legimus:

297 516 405 597 „solae
437 515 612 604 memoriae
650 511 856 599 negotium“;
897 511 952 577 hic
988 512 1093 600 igitur
1132 514 1241 595 solae
1279 534 1337 598 pro

494 621 605 688 subus.
646 617 694 686 Oi
711 615 821 721 Neue,
838 616 884 698 11,
905 640 936 704 p.
961 622 1020 708 185
1042 638 1089 702 eq.

178 757 219 822 In
240 757 322 840 pref.
344 754 408 820 111.
433 759 461 818 5.
485 761 513 818 6.
533 754 693 838 leguntur
713 749 827 836 uerba:

294 861 428 945 Eripuit
448 855 714 945 patri'Lachesis
736 877 832 940 quem
853 858 967 946 funere
989 858 1106 947 acepbo

294 967 515 1057 Linquentem
536 973 634 1056 patos
656 964 767 1049 senui
789 971 958 1051 utroque
980 966 1070 1043 duos.

98 1077 160 1159 (sio
181 1072 289 1158 cecc)
1046 1076 1047 1079 ‘

179 1207 397 1273 Rarissimum
426 1207 487 1273 hoo
516 1208 587 1274 loco
617 1203 802 1289 exemplum
828 1204 935 1270 dativi
955 1205 989 1268 in
1012 1227 1031 1269 c
1052 1206 1263 1272 terminantis
1284 1230 1339 1273 no-

96 1305 235 1372 tandum
257 1312 324 1387 est,
345 1313 384 1373 ut
404 1308 472 1377 iam
492 1312 582 1384 recte
603 1306 746 1376 Vinctus
767 1309 861 1380 uidit.
894 1311 1021 1385 Tollius
1043 1318 1159 1387 contra
1180 1315 1274 1382 sexui
1295 1317 1341 1380 ui·
1422 1337 1425 1340 ’

96 1414 181 1499 ticse
200 1413 390 1501 ablativum
411 1434 481 1483 esse
502 1415 623 1500 posuit.
671 1416 785 1503 Serui
802 1418 938 1491 dativus
967 1418 1088 1504 pendet
1110 1442 1130 1488 a
1151 1421 1258 1486 verbo·
1280 1421 1340 1486 lin·

99 1519 228 1604 quendi.
266 1520 416 1603 Reliquit
438 1521 530 1585 sexui
553 1522 685 1606 utrique
707 1525 728 1589 i.
758 1546 786 1589 e.
809 1524 903 1599 sexui
923 1525 1104 1591 masculino
1127 1533 1161 1592 et
1182 1528 1340 1595 feminino

97 1627 179 1709 duos
199 1634 305 1715 natqs.
333 1627 474 1710 Utrique
494 1647 595 1693 unum
617 1630 722 1715 filium
744 1652 909 1718 unamque
931 1632 1043 1713 filiam,
1066 1655 1109 1705 en
1132 1633 1212 1700 duos
1234 1656 1340 1700 mares

98 1734 245 1819 duasque
267 1733 626 1813 feminaslfulmanni
649 1738 876 1805 emendatione
891 1737 997 1818 „Scau
1019 1740 1054 1809 in
1076 1741 1234 1825 utroque“
1259 1742 1342 1806 nihil

97 1843 264 1908 lucramur
285 1842 327 1907 ad
347 1842 558 1931 sententiam.
601 1844 780 1932 Exempla,
803 1866 889 1930 quae
912 1846 1076 1930 quadrant
1098 1848 1140 1921 ad
1164 1849 1341 1933 ,utroque‘

98 1949 174 2038 nipe
195 1971 247 2039 ap.
269 1948 373 2030 Neue,
393 1949 439 2019 II.
462 1971 492 2033 p.
517 1957 600 2031 185.;
622 1958 763 2037 utroque
783 1953 863 2019 ibid
885 1975 951 2020 non
971 1953 1104 2038 legitur.

125 2100 126 2103 ’
181 2081 221 2147 In
243 2081 368 2148 Auson.
391 2083 493 2168 epigr.
516 2088 566 2162 50,
589 2090 620 2146 6:

645 2227 688 2240 -
709 2193 839 2277 gignite

297 2299 492 2383 generisque
513 2299 624 2364 neutri
645 2298 731 2364 filios
770 2333 800 2345 -
858 2357 861 2362 ,
956 2341 961 2347 -

203 2431 378 2522 „neutri“
401 2452 460 2514 pro
485 2400 821 2512 „neutriueb'dictum
843 2437 903 2497 est.
948 2430 997 2496 cf.
1018 2431 1129 2512 Neue,
1150 2432 1195 2496 Π.
1218 2456 1248 2518 p.
1273 2441 1342 2498 186.

103 2536 266 2632 „bleutr0“
290 2555 348 2623 pro
372 2537 519 2618 „neutri“
542 2538 578 2602 in
599 2536 723 2604 Auson.
747 2539 848 2624 epigr.
872 2544 942 2619 100,
963 2545 996 2602 4:

596 2681 638 2691 -
659 2645 954 2730 Hermaphroditus
974 2683 1015 2693 -

299 2753 487 2839 Ambiguae
508 2752 648 2819 Veneris
669 2759 786 2820 neutro
808 2752 988 2837 potiundus
1009 2754 1121 2818 amori.
1232 2753 1234 2756 ’

184 2888 238 2980 Ad
267 2887 518 2979 grammaticam
547 2886 722 2951 verborum
756 2887 1034 2963 constructionem
1067 2886 1281 2969 respicientes
1311 2892 1345 2951 et

102 2981 288 3085 ablativum
317 3002 351 3060 et
373 2994 522 3081 dativum
546 3016 618 3059 cum
640 2993 816 3083 gerundia,
847 3016 876 3077 q.
900 3015 926 3058 e·
951 2992 1168 3078 „potiundus
1192 2993 1347 3078 coniungi

101 3125 204 3189 posse,
225 3103 356 3168 scimus.
407 3101 550 3168 Ratione
577 3103 683 3187 igitur
710 3100 827 3166 habita
848 3099 1061 3166 Ausonianae
1082 3122 1148 3166 non
1169 3122 1292 3184 parvae
1313 3102 1348 3165 in

103 3210 290 3276 nominibus
312 3209 515 3276 declinandis
537 3209 692 3274 licentiae
717 3199 851 3289 „neutro
874 3208 995 3272 amori‘·
1026 3208 1192 3295 ablativos
1214 3215 1274 3274 aut
1296 3208 1347 3273 da·
1397 3211 1401 3220 '

104 3320 191 3410 tivos
213 3339 284 3383 esse
306 3317 454 3381 conicere
475 3315 564 3380 licet.
607 3313 720 3398 Atque
742 3315 814 3379 fieri
835 3321 962 3399 potest,
991 3306 1029 3380 ut
1052 3317 1156 3381 amori
1178 3315 1348 3381 ablativus

78 3426 251 3509 -,(insueta
264 3420 511 3506 terminatione)
527 3424 586 3502 sit;
608 3423 642 3488 id
659 3423 745 3507 quod
766 3423 841 3487 aliis
864 3422 1036 3502 similibus,
1059 3444 1143 3506 quae
1165 3422 1252 3506 apud
1274 3423 1349 3487 scri·

104 3540 215 3617 ptores
236 3520 461 3616 reperiuntur,
490 3531 648 3614 exemplis
670 3531 874 3614 comprobari
895 3537 1015 3614 potest.
1059 3530 1123 3612 (Of.
1145 3530 1247 3608 Neue,
1269 3531 1295 3593 Ι.
1317 3551 1348 3612 p.

62 3695 71 3734 Ι,
107 3646 166 3704 239
189 3637 273 3723 sqq.)
327 3636 392 3706 Sed
424 3660 491 3704 una
519 3646 570 3706 est
598 3640 703 3718 ratic,
731 3622 816 3721 quae
845 3650 896 3708 me
924 3639 1084 3722 impellit,
1114 3644 1152 3703 ut
1187 3637 1290 3702 amori
1315 3643 1348 3701 et

105 3754 222 3829 neutro
252 3748 362 3830 potius
391 3769 448 3830 pro
478 3745 601 3837 dativis
630 3745 778 3833 babeam.
827 3745 878 3822 De
900 3745 1121 3834 declinatione
1141 3744 1232 3809 vocis
1256 3764 1350 3824 „neu-

107 3857 176 3921 ter“
199 3855 390 3920 Priscianus
413 3854 457 3937 (6,
481 3862 509 3932 1,
530 3861 559 3917 4.
581 3876 612 3938 p.
636 3850 710 3934 678)
732 3858 859 3936 aperte:
892 3851 977 3932 „Sed
998 3853 1033 3915 in
1054 3851 1115 3916 hoc
1136 3851 1284 3931 nomine,
1304 3851 1349 3915 iu·

109 3959 198 4046 quit,
226 3984 266 4026 ex
288 3963 452 4028 contrario
475 3962 566 4041 aliis,
596 3981 680 4045 quae
703 3959 804 4024 simili
824 3960 929 4025 forma
947 3958 1174 4039 declinantur,
1204 3959 1351 4043 frequen·

107 4069 174 4136 tior
201 4078 251 4136 est
280 4088 359 4133 usus
381 4070 528 4153 genetivi
554 4068 589 4133 in
610 4070 623 4133 i
645 4075 679 4134 et
701 4066 806 4133 dativi
827 4067 862 4131 in
884 4091 902 4132 0
925 4066 1136 4132 terminantis
1163 4067 1199 4131 in
1226 4085 1350 4130 mascu-

106 4179 174 4243 lino
204 4183 238 4245 et
266 4182 400 4255 neutro,
431 4177 465 4239 in
493 4176 650 4242 feminino
679 4197 755 4241 vero
785 4176 819 4239 in
851 4195 891 4239 ae
919 4174 1168 4260 diphthongum.
1218 4172 1264 4239 Et
1285 4174 1351 4239 alio

106 4285 179 4352 loco
202 4292 230 4364 6,
255 4290 281 4364 7,
304 4288 353 4347 35.
375 4304 405 4366 p.
429 4288 506 4346 694:
548 4283 675 4353 Neuter
695 4291 807 4350 tamen
829 4281 979 4367 plerique
1000 4282 1129 4361 neutri,
1150 4287 1278 4360 neutro,
1300 4279 1350 4344 de·

108 4389 316 4462 clinaverunt
339 4439 346 4458 .
370 4439 377 4454 .
401 4440 408 4455 .
