2880 4776
94 1547 196 1629 Duae
225 1564 400 1648 praecipue
431 1585 482 1628 me
515 1564 717 1648 impulerunt
754 1565 917 1644 rationes,
959 1570 997 1628 ut
1036 1563 1076 1628 de
1109 1563 1188 1627 Dec.
1217 1561 1340 1648 Magno

94 1670 259 1753 Ausonio,
287 1671 510 1737 Romanorum
537 1678 637 1755 poeta
664 1672 753 1736 haud
782 1671 913 1754 quidem
941 1670 1244 1754 praestantissimo,
1276 1691 1341 1753 qun

93 1800 221 1862 possem
251 1779 426 1863 diligentia
454 1779 556 1844 verba
585 1780 736 1842 facerem.
786 1779 837 1842 Ac
864 1779 970 1861 prima
1000 1783 1067 1856 est,
1097 1777 1184 1860 quod
1213 1777 1342 1842 Ausoni

80 1887 218 1970 ,scripta
240 1887 346 1952 adhuc
367 1886 575 1951 tenebricosa
596 1885 797 1969 indignoque
819 1885 914 1949 modo
944 1889 1100 1967 corrupta
1126 1885 1237 1949 iacent
1258 1904 1342 1948 eam·

95 2014 157 2076 que
180 1993 221 2058 ob
244 2015 313 2057 rem
334 1994 524 2059 criticorum
545 2014 678 2057 manum
701 1993 911 2076 studiumque
934 1993 1104 2057 doctorum
1125 1993 1267 2056 maxime
1289 1993 1339 2056 de·

95 2099 256 2179 siderant;
283 2101 409 2180 altera,
439 2100 526 2183 quod
547 2099 691 2186 nondum
713 2101 887 2182 quisquam
910 2101 950 2164 de
971 2099 1064 2163 illius
1084 2106 1201 2183 poetae
1223 2119 1342 2184 genere

96 2206 225 2270 dicendi
247 2207 448 2290 disputavit,
480 2229 580 2291 quum
602 2229 641 2272 ea
663 2208 814 2272 omnibus
840 2209 907 2272 fere
929 2207 1152 2272 Romanorum
1178 2208 1342 2290 scriptori·

95 2313 158 2377 bus
187 2336 256 2378 sors
285 2316 478 2398 contigerit,
495 2310 565 2394 ut,
596 2337 771 2398 quamnam
800 2315 998 2399 peculiarem
1027 2314 1157 2379 dicendi
1183 2315 1343 2379 haberent

96 2422 258 2486 rationem
280 2421 503 2506 indagaretur.
545 2421 697 2506 Namque
718 2424 837 2486 mirum
858 2428 1018 2504 quantum
1039 2420 1208 2486 Ausonius
1235 2422 1342 2487 adhuc

96 2549 174 2612 prae
198 2530 315 2594 ceteris
336 2528 558 2594 Romanorum
580 2531 796 2615 scriptoribus
812 2531 985 2616 neglectus
1007 2537 1067 2595 est.
1110 2528 1197 2594 Nam
1218 2532 1247 2594 si
1269 2532 1343 2612 quis

98 2635 140 2699 ad
168 2635 295 2700 Ausoni
338 2636 484 2700 codicum
527 2640 762 2703 auctoritatem
797 2638 971 2722 respiciat,
1013 2658 1170 2722 magnum
1214 2638 1345 2720 quidem

99 2737 210 2806 eorum
241 2764 429 2823 numerum,
472 2744 529 2808 sed
567 2745 650 2811 alios
695 2745 795 2811 aliter
824 2745 1021 2828 depravatos
1053 2743 1286 2827 deprehendat.
1310 2745 1343 2826 1)

95 2848 210 2930 Neque
240 2850 345 2914 multo
376 2850 490 2916 melior
520 2853 700 2917 editionum
733 2852 879 2918 condicio
909 2858 969 2917 est.
1027 2849 1152 2926 Qarum
1185 2874 1340 2918 numerus

98 2955 187 3019 haud
229 2957 385 3041 exiguus,
428 2958 484 3022 sed
527 2980 638 3024 omnes
682 2982 722 3024 ex
764 2960 881 3024 iisdem
915 2979 1019 3042 paene
1056 2958 1212 3024 laborant
1240 2961 1342 3024 vitiis.

99 3061 219 3144 Itaque
250 3063 434 3145 permultae
473 3065 578 3129 adhuc
609 3066 822 3132 Ausonianae
854 3067 995 3131 orationi
1024 3065 1203 3131 adhaerent
1238 3087 1344 3131 macu-

98 3168 165 3247 lae,
194 3189 278 3251 quae
305 3170 439 3233 tandem
461 3179 532 3236 arte
556 3173 687 3253 critica,
715 3174 824 3256 posita
846 3175 881 3236 in
904 3172 1070 3237 codicibus
1094 3173 1271 3257 diligenter
1293 3193 1344 3237 ex·

99 3276 203 3340 cussis
243 3296 281 3339 ac
324 3277 465 3362 singulis
516 3285 632 3363 poetae
684 3281 884 3345 carminibus
927 3287 1081 3345 accurate
1124 3281 1344 3364 perlustratis,

100 3383 255 3447 eluantur
281 3405 412 3448 necesse
439 3392 498 3451 est.
555 3387 692 3451 Utinam
720 3410 796 3451 mox
825 3388 973 3453 Ausonio
1005 3389 1173 3461 exoriatur
1199 3387 1345 3453 Aristar·

101 3489 197 3554 chus!
225 3525 265 3535 -
295 3490 445 3573 Denique
468 3492 507 3556 ad
531 3493 681 3557 criticum
704 3501 901 3577 apparatum
928 3495 1014 3577 quod
1043 3495 1185 3573 attinet,
1207 3496 1346 3577 permul-

100 3603 170 3661 tum
194 3597 325 3680 quidem
347 3600 540 3681 profuerunt
562 3599 614 3663 illi
636 3599 725 3665 docti
747 3601 827 3680 viri,
856 3602 914 3683 qui
940 3608 1050 3666 totum
1079 3602 1265 3686 Ausonium
1290 3603 1344 3666 vel

101 3705 171 3768 eius
201 3726 334 3788 operum
362 3711 491 3789 partem
520 3706 732 3789 interpretati
763 3714 855 3785 sunt;
886 3709 992 3773 multa
1021 3715 1132 3773 tamen
1153 3708 1253 3772 iidem
1273 3708 1345 3773 reli·

102 3820 260 3891 querunt,
287 3812 406 3894 quibus
428 3832 527 3895 opera
550 3812 760 3896 studiumque
782 3813 952 3879 doctorum
974 3815 1079 3880 adhuc
1101 3815 1243 3879 maxime
1265 3837 1346 3898 opus

102 3923 189 3981 sunt.
241 3917 437 3984 Recentiore
466 3927 613 4003 tempore
642 3941 748 4004 pauca
776 3928 908 3987 tantum
930 3922 1057 3986 Ausoni
1084 3923 1248 4004 carmina,
1280 3945 1345 3987 non

101 4032 171 4090 tam
194 4027 408 4110 grammatice
431 4048 529 4109 quom
552 4028 666 4092 critice
689 4029 864 4108 recensita,
888 4049 966 4093 cura
988 4030 1157 4093 doctorum
1179 4028 1346 4094 limatiora

119 4241 148 4306 l)
168 4237 208 4294 Gt.
227 4239 318 4294 Vinet.
336 4238 363 4291 in
382 4239 467 4310 prael.
486 4246 626 4299 comment.
643 4240 671 4292 in
690 4240 874 4295 Ausum—De
894 4241 998 4295 Ausoni
1016 4239 1091 4296 codd.
1108 4245 1240 4296 vetustate
1259 4248 1346 4296 aucto·

169 4332 248 4384 ritate
266 4330 370 4383 ratione
387 4331 458 4384 inter
476 4331 597 4399 singulos
615 4329 794 4385 intercedente
812 4349 896 4402 nuper
914 4331 1062 4403 disputavit
1074 4331 1176 4385 Theob.
1195 4332 1302 4384 ltbaese
1316 4334 1353 4380 'xe

170 4428 309 4474 comment.
326 4419 357 4473 de
375 4437 403 4473 re
421 4421 532 4476 metrica
552 4421 656 4476 Aesoni
672 4441 700 4494 p.
716 4423 734 4474 l
751 4438 816 4493 sqq.
843 4422 987 4476 Rustoen.
999 4421 1050 4470 bb.

1120 4509 1150 4558 Χ
