2880 4776
616 163 859 224 &¹80-

134 335 169 396 ot
189 329 211 394 l.
235 349 261 392 e.
284 326 395 394 Cleob.
418 326 513 392 Lind.
537 332 581 391 5.:

332 433 446 499 Paroit
468 434 607 517 quisquo
628 434 736 512 morio,
757 433 891 518 perdere
912 434 987 513 vplt
1008 432 1120 498 bonos.

218 539 266 607 of.
289 540 332 605 ad
352 541 411 606 hos
432 561 547 607 versus
568 540 770 625 exemplum,
798 541 884 624 quod
907 539 1055 625 Scaliger
1078 560 1118 603 ex
1140 539 1378 623 epigrammate

135 648 276 731 quodam
297 649 331 712 in
353 647 541 739 Vergilium
562 648 698 717 attulit:
827 633 830 639 ’

332 754 446 839 Longe
469 756 533 823 erit
555 756 710 839 aprime,
732 757 871 838 quisque
893 754 1055 819 secundus
1078 755 1150 818 erit.

178 923 181 928 .
212 860 251 943 ’2)
294 856 366 926 Iam
383 862 428 926 de
448 881 567 948 genere
588 864 817 946 pronominum
837 880 944 945 panea
965 860 1070 925 habeo
1093 880 1177 943 quae
1198 859 1316 924 dioam.=

159 1008 164 1016 ·
217 968 256 1033 in
277 968 371 1053 idyll.
390 976 423 1049 a.
445 976 494 1033 63.
511 968 686 1035 Ausonius
705 969 927 1035 masculinum
951 967 1120 1051 quisque
1136 988 1199 1051 pro
1219 966 1378 1031 feminino

133 1076 254 1158 posuit.
288 1075 335 1140 'In
359 1095 401 1140 e:
1330 1102 1331 1105 ¹

533 1204 568 1247 se
590 1183 728 1266 quisque
750 1182 921 1247 absolvere
941 1183 1046 1267 gestit
1068 1215 1108 1226 -

132 1308 239 1359 sermo
256 1283 322 1353 ‘hoo
342 1289 416 1355 loeo
434 1295 490 1355 sot
508 1290 556 1354 de
571 1290 725 1370 beminis,
741 1289 791 1353 ,ad
811 1310 895 1374 ques
912 1310 1088 1373 pronomen
1107 1291 1244 1373 quisque
1264 1291 1381 1354 referri

135 1395 243 1460 debet.
285 1396 408 1460 Mirum
431 1417 509 1461 sane
532 1403 599 1477 est,
622 1417 679 1460 our
699 1395 872 1464 Ausonius
889 1399 1027 1462 formam
1049 1417 1214 1479 quaeque,
1243 1396 1381 1462 anobis

130 1502 370 1587 exepeetotom
390 1505 513 1589 quippe
536 1525 621 1587 quae
642 1503 685 1569 ad
705 1504 804 1569 metri
824 1504 986 1569 rationem
1008 1523 1112 1586 aeque
1132 1502 1216 1567 bene
1232 1502 1381 1586 quadret,

133 1632 199 1676 non
221 1611 408 1695 scripserim
430 1618 578 1678 attamen
601 1610 692 1676 oodd.
714 1610 814 1678 leobio
837 1611 975 1694 quisque
993 1597 1224 1677 commutanda
1244 1633 1310 1675 non
1334 1610 1381 1674 vi·

87 1739 98 1765 ·'
129 1714 261 1786 detun-
281 1716 397 1801 Neque
417 1739 495 1784 vero
517 1717 701 1784 Seriverius
723 1718 819 1784 nobis
841 1718 1022 1784 audiendus
1042 1724 1111 1797 est,
1142 1719 1198 1801 qui
1229 1717 1270 1782 ed
1291 1717 1380 1782 hune

132 1825 242 1890 loeum
261 1846 381 1910 gnome
402 1833 468 1906 est,
488 1826 614 1910 inquit,
643 1824 853 1906 Ausoniam,
882 1826 924 1890 ad
953 1827 1086 1908 quosvis
1116 1831 1284 1909 spectans,
1311 1836 1379 1891 non

133 1930 295 1998 Heroides
317 1937 459 1998 tantum.
508 1931 611 1998 Immo
633 1932 819 2012 Ausonius,
848 1934 1033 1999 vetustatis·
1052 1933 1172 2016 quippe
1192 1933 1380 1999 amantissi-

134 2059 225 2119 mus,
255 2059 355 2122 quum
376 2041 412 2104 in
433 2039 509 2105 aliis
529 2039 630 2107 rebus
649 2047 722 2107 tum
741 2041 777 2107 in
799 2039 861 2106 heo
881 2059 917 2105 re
938 2039 1114 2126 manifesto
1144 2045 1293 2106 veterum
1312 2045 1379 2106 mo·

133 2161 202 2210 rem
222 2145 319 2226 Enni,
340 2145 465 2226 Pinneti,
486 2145 631 2229 denenti,
653 2148 710 2231 qui
731 2147 922 2231 nepesine
945 2148 1027 2230 quie,
1048 2148 1197 2230 quisque,
1220 2147 1380 2230 quisquis,

134 2253 307 2336 quisquam
336 2275 455 2340 genere
484 2255 640 2319 feminino
669 2254 841 2335 dixerunt,
871 2255 1023 2320 imitatus
1054 2260 1113 2320 est.
1157 2254 1228 2319 Iam
1249 2254 1379 2320 Nonius

134 2359 180 2443 (p.
203 2360 288 2441 197.)
328 2360 447 2442 „Quim
470 2363 535 2442 ait,
558 2367 592 2427 et
613 2362 725 2447 generi
746 2362 902 2428 feminino
926 2361 1076 2427 attribui.
1089 2383 1199 2445 posse,
1230 2367 1380 2428 veternam

131 2468 321 2537 auotordtes
338 2469 476 2536 uoluit.“
521 2469 634 2553 Atque
654 2469 742 2535 idom
763 2468 855 2536 velet
875 2469 917 2535 de
937 2470 1127 2553 pronomine
1146 2470 1297 2553 quisque.
1339 2467 1380 2533 Id

133 2596 238 2660 genus
261 2577 424 2661 exempla,
447 2579 475 2642 si
497 2597 615 2662 operae
632 2583 689 2644 ost
709 2578 863 2662 pretium
883 2578 1008 2661 respice
1031 2576 1171 2642 oolleota
1192 2599 1213 2641 a
1233 2576 1336 2656 Neue,
1358 2574 1380 2639 l

132 2681 272 2766 ιΗὶιρ
294 2690 365 2754 reo.
386 2691 467 2748 „me
483 2690 551 2748 ιιι.
680 2736 682 2742 .

124 2874 126 2876 Ψ
218 2788 343 2858 Obiter
363 2791 503 2875 denique
532 2793 673 2877 attingo
679 2792 818 2883 speum,
844 2792 903 2875 qui
931 2793 968 2857 in
988 2791 1113 2858 Auson.
1134 2790 1228 2877 idyll.
1252 2797 1301 2856 12.
1321 2812 1381 2875 per

133 2898 274 2984 interog.
297 2903 332 2964 et
352 2920 436 2983 resp.
462 2906 509 2962 13.
531 2899 672 2983 legitur:

211 3010 224 3020 ‘
334 3005 422 3080 Quid
443 3006 566 3073 fluitat
578 3007 706 3092 pelago
728 3005 816 3089 quod
835 3028 901 3072 non
922 3006 1050 3072 natat
1041 3029 1077 3070 m
1098 3005 1235 3090 pluvio?
1257 3007 1322 3090 pix.

135 3112 234 3188 deod
255 3114 423 3199 Mamang.
441 3113 582 3181 Aooursi
610 3135 668 3198 pro
698 3113 783 3198 quid
800 3114 872 3196 quis
901 3113 1045 3192 habent3
1076 3135 1174 3198 quam
1202 3115 1379 3180 lectionem

130 3218 316 3303 decumus
341 3221 583 3289 susan-..nulia
610 3221 739 3290 ratione
760 3221 862 3289 nisus.
909 3219 997 3286 Nem
1020 3221 1106 3304 quod
1128 3222 1255 3304 posuit:
1286 3222 1379 3304 „quis

134 3327 220 3394 dixit
239 3327 408 3394 Ausonius
430 3345 550 3414 genere
570 3326 706 3400 neutro‘f
721 3328 817 3400 nihil,
833 3335 893 3408 eet,
916 3349 1016 3411 quum
1037 3329 1073 3393 id
1093 3350 1134 3394 ne
1156 3329 1224 3396 ulio
1248 3328 1383 3412 quidem

134 3436 282 3520 exemplo
305 3436 515 3520 eomprobet.-
545 3434 670 3503 Verum
691 3457 733 3501 ne
754 3440 865 3502 exstat
887 3435 1081 3520 exemplum,
1103 3457 1144 3502 ex
1164 3459 1228 3520 quo
1251 3437 1380 3501 eluoeat

134 3567 155 3610 a
176 3544 431 3610 vestustissimis
459 3543 536 3627 qais
561 3564 681 3629 genere
709 3549 826 3617 neutro
856 3543 982 3609 dietum
1011 3564 1091 3614 esse.
1143 3543 1191 3608 cf.
1222 3564 1308 3626 quoe
1340 3543 1379 3607 de

130 3674 253 3738 genere
274 3652 373 3721 huius
394 3651 594 3736 pronominis
615 3651 726 3732 Neue,
754 3651 826 3716 loeo
849 3650 943 3715 modo
967 3651 1071 3717 citato
1099 3649 1264 3715 disseruit.
1314 3650 1380 3714 Ita-

132 3766 308 3845 querente
329 3759 372 3826 ab
395 3758 578 3829 editoribus
597 3759 697 3831 leotio
720 3757 811 3825 oodd.
834 3758 909 3840 quis
928 3758 1106 3825 immutate
1129 3759 1228 3823 estin
1251 3757 1379 3840 „quid“.

211 3893 214 3898 ·
334 3865 427 3935 Haeo
448 3867 609 3935 haetenus
630 3866 671 3935 de
693 3865 949 3951 pronominibus.

609 4146 906 4169 m
