2880 4776
624 163 829 236 ..qu

104 326 144 402 In
166 324 258 420 idyll.
283 343 331 401 12.
355 337 394 402 de
416 337 508 401 cibis.
532 343 585 402 10:

305 451 338 509 et
361 443 483 528 duplici
505 444 639 510 defensa
660 444 830 529 putamine
852 443 1121 530 quinquegenus
1142 464 1219 508 nux.

105 550 183 634 (duo
206 549 310 615 codd:
345 551 600 634 quinquagenis,
630 551 716 634 quod
737 572 777 614 ex
797 549 1006 616 librariorum
1029 572 1152 631 errore,
1180 551 1236 633 qui
1259 550 1350 633 quin-

105 678 273 742 quegenus
295 679 360 722 non
382 657 624 740 intellegerent,
646 663 754 721 ortum
776 657 932 739 videtur.)

185 789 354 874 'Pergenus
382 795 522 871 utroque
551 789 623 854 loco
647 795 680 853 et
703 789 951 871 quinquegenus
972 788 1044 852 loco
1068 788 1172 853 citato
1194 808 1263 852 rem
1286 789 1348 872 sig·

101 895 256 976 nificant,
288 917 371 979 quae
401 896 530 979 generis
560 895 702 979 triplicis
736 902 770 960 et
800 894 1016 978 quintuplicis
1045 901 1105 959 est.
1158 893 1223 959 Sed
1252 915 1348 959 voces

101 1004 192 1087 ipsae
223 1002 393 1068 inauditae
423 1003 591 1067 nominum
619 1003 763 1067 fictionis
786 1007 879 1081 sunt,
916 999 1047 1084 qualem
1073 999 1203 1066 Ausoni
1222 1002 1348 1066 ‘solum-

102 1109 196 1182 modo
226 1111 260 1173 in
290 1110 385 1174 novis
415 1109 587 1173 vocabulis
616 1109 777 1194 fingendis
805 1109 942 1173 licentia
964 1108 1226 1192 comprobaverit
1248 1115 1349 1191 atque

102 1218 319 1308 excusarerit.
368 1215 439 1279 Iam
461 1218 647 1299 quaeritur,
683 1237 766 1299 quae
788 1237 865 1280 nam
886 1216 972 1280 ratio
994 1215 1196 1294 Ausonium,
1225 1222 1264 1280 ut
1285 1222 1347 1280 ter-

101 1343 205 1408 genus
235 1331 268 1388 et
298 1323 548 1408 quinquegenus
569 1325 723 1408 fingeret,
754 1308 903 1388 moverit.
947 1321 1025 1386 Sine
1047 1322 1146 1386 dubio
1170 1343 1244 1386 eum
1265 1322 1346 1386 haec

101 1430 275 1495 verborum
306 1431 506 1495 constructio
538 1429 693 1508 adduxit,
735 1431 770 1491 in
809 1450 874 1511 qua
911 1429 1094 1494 accusativi
1134 1429 1265 1511 quidam
1301 1451 1348 1493 re·

99 1537 235 1601 lationis
258 1535 307 1618 (id
328 1559 447 1620 genus,
477 1559 570 1602 omne
592 1558 712 1622 genus,
735 1535 894 1600 muliebre
917 1555 1029 1616 secus,
1052 1535 1133 1617 alia)
1156 1538 1346 1621 saepissime

100 1663 120 1706 a
141 1644 248 1726 poetis
270 1665 327 1726 pro
351 1644 499 1708 ablativo
523 1664 601 1708 casu
623 1652 782 1726 tanquam
805 1642 956 1708 absolute
977 1651 1153 1726 ponuntur.
1177 1642 1232 1708 Sic
1245 1643 1344 1730 Verg.

99 1751 134 1815 in
154 1748 238 1813 Aen.
261 1758 294 1830 8,
317 1758 390 1814 114:
414 1751 479 1825 Qui
501 1771 604 1836 genus
627 1750 685 1832 (sc.
708 1749 824 1833 estis)?
854 1749 1030 1814 Lucretius
1053 1749 1104 1832 (4,
1128 1748 1218 1831 735):
1241 1750 1345 1814 Omne

99 1878 203 1943 genus
233 1859 387 1940 quoniam
417 1860 540 1943 passim
569 1858 745 1922 simulacra
774 1858 934 1922 feruntur.
986 1855 1147 1921 Similiter
1176 1857 1345 1922 Ausonius

99 1967 133 2028 in
155 1966 197 2029 id.
223 1973 270 2045 11,
292 1972 341 2028 43.
365 1986 444 2028 sane
467 1965 609 2047 quadam
632 1986 704 2028 cum
726 1965 863 2030 licentia
885 1964 992 2029 dicere
1013 1969 1159 2047 poterat:

181 2097 335 2161 Humana
358 2096 503 2162 efficiunt
518 2097 718 2162 habitacula
740 2103 807 2160 tres
830 2095 898 2176 (vel
921 2102 1015 2160 extra
1045 2116 1188 2161 versum:
1220 2095 1342 2177 trinae)

99 2225 202 2287 genus
225 2211 313 2270 artes
337 2210 371 2268 et
392 2206 427 2267 in
448 2205 542 2287 idyll.
567 2206 648 2268 121.
673 2223 714 2266 a:

298 2319 331 2376 et
353 2310 475 2395 duplici
498 2311 632 2376 defensa
653 2309 823 2396 putamine
846 2309 947 2390 quina
969 2329 1072 2393 genus
1094 2326 1171 2374 nux.

183 2441 257 2517 Qua
279 2446 521 2509 constructione
543 2450 693 2526 respecta
714 2441 902 2521 Ausonius,
931 2442 1062 2524 opinor,
1091 2449 1219 2507 utrem
1241 2443 1342 2507 simili

98 2550 191 2617 modo
214 2552 438 2634 exprimeret,
452 2558 608 2634 tergenus
630 2556 664 2614 et
686 2551 952 2634 quinquegenus,
981 2547 1144 2614 vocabula
1164 2549 1341 2615 indeclina-

96 2657 179 2722 bilia
207 2658 313 2722 finxit.
365 2656 517 2722 Ceterum
540 2659 568 2720 si
591 2657 664 2740 quis
685 2656 801 2721 licenti
821 2655 937 2721 horum
959 2655 1195 2721 adiectivorum
1218 2677 1343 2742 compo-

97 2766 217 2830 sitione
246 2770 287 2848 et2
309 2765 531 2847 discrepantia
559 2763 738 2829 lectionum
762 2762 852 2827 codd.
876 2759 1157 2849 (quinquegenus,
1187 2766 1342 2849 quinque·

96 2868 203 2954 genis)
234 2855 376 2937 offensus
407 2871 533 2954 aliquid
561 2870 755 2936 mutandum
785 2891 855 2935 esse
884 2876 1035 2956 putaret,
1065 2872 1163 2937 facile
1192 2874 1226 2935 in
1248 2872 1340 2956 idyll.

97 2984 145 3057 11,
167 2984 216 3040 43.
240 2980 287 3042 sic
310 2978 480 3043 emendare
502 2986 627 3063 posset:

296 3084 449 3149 Humana
471 3085 617 3150 efficiunt
639 3069 832 3151 habitacula
854 3088 1058 3172 tergeminae
1080 3094 1170 3154 artes
1199 3159 1201 3163 Α

95 3194 117 3256 l.
141 3213 167 3256 c.
190 3199 246 3256 49:

76 3298 79 3303 ’
141 3354 143 3359 ⁴
296 3298 526 3384 Tergeminum
549 3302 757 3385 omnigenum
779 3303 918 3386 genitor,
941 3303 1095 3387 genitrix,
1116 3312 1317 3388 generatum.

96 3413 130 3473 et
151 3407 185 3470 in
207 3405 300 3488 idyll.
324 3407 416 3471 12.·.l.
439 3427 478 3471 c.:
984 3468 986 3475 .

295 3519 329 3578 et
350 3513 473 3597 duplici
496 3515 629 3579 defensa
651 3514 821 3598 putamine
843 3516 944 3598 quina
966 3537 1070 3602 genus
1091 3538 1167 3584 nux.

180 3642 272 3718 Quae
303 3651 450 3710 extrema
481 3645 683 3726 emendatio,
721 3648 871 3730 quamvis
900 3651 1066 3732 exquisita
1096 3651 1338 3735 artificiosaque

94 3749 263 3829 videatur,
290 3757 401 3815 tamen
425 3752 466 3816 ab
488 3752 682 3817 Ausoniana
703 3754 840 3820 licentia
862 3778 926 3820 non
948 3757 1111 3824 abhorret.
1154 3758 1339 3824 Ausonium

95 3859 286 3942 saepissime
315 3879 486 3924 numerum
515 3861 714 3942 singularem
738 3863 955 3927 numeralium
978 3863 1265 3930 distributivorum
1288 3887 1339 3931 ex·

93 3965 222 4045 hibere,
249 3972 365 4048 postea
388 3966 575 4032 docebimus
602 3966 657 4049 (cf.
681 3965 815 4041 Quaest.
838 3967 926 4053 ΙΠ.).
978 3970 1119 4037 Accedit
1142 3973 1228 4055 quod
1252 3975 1338 4056 „qui-

94 4073 171 4152 na“,
194 4059 281 4136 num.
305 4072 500 4157 singularis,
522 4075 684 4168 reperitur
705 4076 739 4137 in
760 4075 872 4141 Plaut
894 4075 982 4141 Pers.
1009 4087 1042 4157 1,
1065 4086 1100 4159 3,
1124 4087 1171 4144 19.
1197 4087 1230 4145 et
1251 4080 1336 4145 Plin.

94 4180 124 4243 h.
147 4201 177 4243 n.
202 4185 311 4259 17,11
336 4178 416 4263 (16).

176 4310 346 4377 Hactenus
376 4311 414 4375 de
450 4314 545 4376 novis
582 4332 665 4394 quae
695 4313 863 4380 Ausonius
895 4314 1029 4383 exhibet
1065 4318 1252 4384 nominibus
1284 4314 1336 4383 ad·

88 4416 235 4480 lecblV'lffl
