2880 4776
632 158 835 234 ης..

198 336 329 422 „Atque
349 329 575 407 Pudentillam
596 336 699 402 fantis
719 335 841 402 honore
863 335 961 403 colit“
993 335 1041 404 sic
1063 332 1225 424 Scaliger;
1259 327 1358 405 Vine-

112 454 168 512 tus
190 447 275 511 male
301 446 432 528 „fratris
454 443 594 510 amore“.
636 443 780 533 Invprof.
804 450 853 523 21,
876 449 925 508 23.
947 446 1101 529 supinum
1123 447 1212 512 fatu:

310 552 433 618 Dulcia
453 553 527 619 latu
551 550 651 617 verba
673 555 854 616 canentem.

193 658 246 724 Ex
266 660 379 725 formis
400 659 494 724 verbi
516 679 545 742 q.
569 679 595 723 e.
626 677 707 740 queo
737 663 868 741 praeter
888 658 1032 725 usitatas
1062 659 1229 727 Ausonius
1252 662 1357 745 quis·

111 756 201 833 ‘sent
221 765 356 833 exhibet
376 767 412 831 in
434 766 535 851 epigr.
560 771 630 844 raa,
653 771 680 829 7.
722 762 771 829 cf.
793 764 895 846 Neue,
917 765 961 829 11.
985 773 1054 830 aaa.

193 875 226 939 A
247 893 372 958 nequeo
393 874 606 958 participium
627 873 816 955 nequiens
837 873 872 936 in
893 874 975 957 prof.
997 873 1096 939 Burd.
1120 881 1148 955 2,
1171 882 1219 939 29.

192 979 295 1046 Aliud
327 980 464 1047 verbum
494 978 694 1046 defectivum
716 985 767 1044 est
788 979 938 1059 memini,
968 982 1061 1064 cuius
1090 1001 1200 1047 rarum
1222 985 1354 1066 partici-

109 1090 200 1171 pium
228 1088 442 1156 meminens
471 1087 559 1172 apud
586 1086 772 1152 Ausonium
800 1087 835 1151 in
856 1086 938 1170 prof.
962 1095 997 1168 1,
1019 1094 1069 1152 40.
1090 1088 1228 1174 legitur:
1256 1090 1354 1157 Vivis

109 1195 215 1261 adhuc
237 1195 312 1260 aevi
333 1193 420 1279 quod
440 1194 540 1279 periit
561 1196 750 1260 meminens.
793 1191 841 1258 cf.
862 1190 966 1274 Neue,
985 1194 1030 1259 H.
1052 1217 1084 1281 p.
1105 1202 1177 1261 478.
1290 1246 1294 1256 .

174 1301 241 1370 'De
264 1309 416 1387 quatuor
431 1301 500 1367 illis
528 1322 611 1386 quas
640 1301 849 1387 grammatici
878 1306 1032 1368 statuunt
1064 1305 1352 1390 coniugationibus

109 1409 248 1495 denique
270 1409 454 1496 generatim
476 1409 653 1490 disserens,
682 1427 788 1492 peuce
816 1407 918 1473 verba
946 1409 1066 1474 faciam
1095 1411 1134 1475 de
1154 1415 1273 1485 ,formis
1294 1437 1353 1500 per

108 1537 286 1601 syncopam
308 1538 326 1582 e
345 1515 552 1605 longioribus
573 1495 798 1581 inbreviares
820 1516 1010 1583 contractis.

189 1624 362 1691 Breviores
383 1626 504 1691 formes
525 1623 694 1689 Ausonius
723 1623 964 1708 multomagis
994 1632 1097 1705 amat;
1124 1628 1273 1693 oratione
1294 1650 1351 1697 nu·

107 1732 205 1799 meris
235 1731 389 1798 devincta
417 1736 505 1796 certe
533 1730 725 1815 plerumque
752 1728 934 1810 breviores,
963 1732 1126 1816 pleniores
1157 1737 1287 1820 saepius
1315 1740 1351 1806 in

106 1856 253 1920 somnone
271 1839 384 1906 soluto
406 1838 549 1918 exhibet,
572 1837 693 1920 quippe
715 1857 799 1921 quae
821 1839 944 1920 optime
966 1849 1149 1925 congruant
1171 1844 1212 1909 ad
1232 1844 1350 1930 longas

105 1968 187 2032 ques
209 1948 291 2015 feeit
311 1946 473 2032 periodos,
495 1944 669 2011 verhomm
691 1945 786 2028 copia
807 1944 1000 2029 ambituque
1012 1946 1242 2016 redundantes.
1266 1951 1349 2018 Lon-

105 2055 213 2140 giores
236 2062 347 2121 autem
368 2055 489 2120 formas
509 2051 572 2118 hac
592 2051 722 2118 temone
744 2053 910 2118 contraxit
932 2073 990 2117 seu
1012 2056 1191 2124 mutilavit.

186 2185 358 2253 Permulta
386 2185 475 2269 apud
502 2183 688 2249 Ausonium
708 2185 887 2267 reperimus
910 2186 1060 2270 exempla
1081 2190 1152 2253 eius
1175 2182 1349 2275 syncopae,

105 2302 143 2363 ut
163 2295 266 2381 verbe
286 2293 412 2378 primae
433 2299 466 2357 et
488 2297 627 2376 quartae
649 2292 891 2376 coniugationis
913 2299 1059 2377 tempore
1081 2298 1225 2379 perfecto
1249 2304 1282 2363 et
1305 2299 1348 2363 ab

103 2404 165 2469 hoe
186 2394 390 2485 temporibus
412 2398 572 2464 derivatis
591 2421 610 2463 r
629 2398 729 2464 litera
751 2398 833 2464 elisa
855 2399 937 2464 duas
953 2402 1082 2467 vocales
1104 2404 1139 2468 in
1161 2426 1260 2470 unam
1280 2406 1349 2472 lon·

104 2530 181 2596 gam
203 2508 408 2575 contrahant.
452 2506 508 2572 Sic
529 2507 684 2584 mutasti,
707 2512 857 2594 optaras,
881 2509 1099 2588 continuarit,
1121 2513 1214 2577 scisti
1237 2512 1347 2596 (Grai.

99 2624 164 2684 act.
186 2614 241 2698 st)
263 2615 401 2693 seieras,
424 2614 576 2697 punisse,
599 2614 748 2695 quissent
770 2611 886 2698 (epigr.
911 2621 987 2694 139,
1011 2616 1063 2700 7.).
1107 2616 1171 2683 Sed
1193 2621 1344 2705 exempla

98 2724 162 2789 huc
192 2720 376 2787 revocanda
405 2720 501 2805 plura
529 2727 624 2811 sunt,
669 2741 769 2804 quam
797 2727 835 2788 ut
865 2743 904 2786 ea
933 2724 1042 2789 omnia
1072 2726 1126 2789 hie
1156 2727 1276 2791 referre
1305 2727 1343 2792 li·

98 2838 182 2897 ceat.
226 2827 376 2894 Sufficiat
398 2828 562 2893 monuisse
584 2827 769 2893 Ausonium
797 2829 987 2914 plerumque
1010 2833 1131 2898 formas
1154 2843 1343 2901 contractas

97 2958 217 3004 amare.

179 3065 291 3134 Minus
319 3064 416 3150 saepe
453 3084 553 3149 quum
581 3064 669 3151 apud
697 3067 881 3134 Ausonium
909 3078 981 3136 tum
1010 3072 1098 3158 apud
1124 3072 1249 3143 ceteros
1279 3073 1341 3145 Ro·

97 3176 266 3242 manorum
287 3180 403 3258 poetas
424 3173 547 3240 formae
570 3180 759 3240 contractae
781 3176 954 3249 perborum
981 3182 1142 3247 secundae
1165 3190 1199 3250 et
1219 3186 1341 3251 tertiae

97 3282 341 3369 coniugationis
369 3281 403 3345 in
432 3301 495 3346 usu
517 3287 610 3360 sunt,
641 3285 779 3364 quorum
800 3286 983 3368 perfectum
1005 3289 1039 3352 in
1062 3291 1131 3369 evi,
1161 3294 1215 3357 ovi
1238 3300 1271 3357 et
1292 3294 1339 3358 ivi

95 3387 302 3456 terminatur.
343 3385 444 3472 Apud
464 3386 649 3452 Ausonium
669 3385 730 3452 ha's
752 3388 940 3456 observavi:

176 3522 218 3586 In
239 3525 365 3606 parent.
388 3526 424 3599 4,
447 3524 496 3583 25.
518 3519 622 3598 flesti;
643 3519 678 3583 in
706 3517 801 3586 (irat.
831 3529 896 3589 act.
926 3531 966 3589 80
994 3527 1143 3607 inolesti;
1173 3529 1208 3595 in
1237 3531 1338 3617 epigr.

97 3635 166 3709 141,
177 3634 205 3692 2.
227 3627 334 3706 nosti3
355 3627 391 3690 in
412 3624 506 3711 idyll.
530 3631 643 3706 13,17.
664 3626 771 3707 norim
793 3629 827 3692 in
850 3629 994 3718 epitaph.
1007 3641 1035 3698 5.
1057 3657 1170 3716 nosse;
1192 3639 1226 3702 in
1248 3661 1338 3722 prae·

94 3736 232 3802 fatiunc.
256 3741 284 3815 2,
306 3739 335 3797 3.
357 3753 486 3814 nosses;
508 3734 542 3799 in
564 3733 658 3819 idyll.
681 3740 709 3797 8.
733 3737 894 3820 cupisset;
916 3743 1121 3825 concupisti3'
1137 3744 1171 3806 in
1192 3742 1285 3828 idyll.
1309 3752 1337 3812 8.

94 3862 141 3928 pr.
164 3841 307 3907 desieras
328 3841 363 3906 in
385 3840 529 3925 epitaph.
553 3847 644 3920 38‚3.
662 3840 847 3908 lacessieris
867 3846 901 3909 in
924 3849 1019 3931 epist.
1035 3857 1083 3912 11.
1106 3872 1169 3933 pr.;
1193 3853 1337 3933 quaesie-

93 3949 139 4015 ris
167 3949 203 4016 in
232 3947 326 4015 (irat.
349 3954 414 4014 act.
436 3954 485 4013 38.
509 3945 656 4034 (811011.);1
675 3949 802 4015 intristi
823 3951 856 4014 in
878 3952 971 4036 idyll.
996 3962 1022 4018 7.
1044 3977 1091 4039 pr.

175 4078 216 4145 In
237 4080 347 4145 verbis
371 4081 575 4164 compositis,
597 4103 617 4146 a
639 4080 738 4146 verbo
762 4081 859 4146 eundi
880 4083 1055 4166 derivatis,
1079 4087 1246 4154 Ausonius
1268 4110 1335 4154 sae·

93 4187 226 4270 pissime
247 4208 265 4251 r
285 4187 417 4252 literam
437 4193 584 4281 tempore
605 4187 751 4270 perfecto
774 4195 807 4252 et
828 4189 871 4254 ab
893 4191 954 4256 hoo
980 4195 1183 4277 temporibus
1212 4197 1336 4263 deriva-

92 4294 138 4359 tis
160 4292 255 4361 elidit
277 4300 311 4359 et
332 4293 426 4358 modo
448 4294 527 4358 i-i
550 4295 582 4358 in
605 4299 618 4355 i
639 4294 815 4375 contrahit,
838 4296 931 4362 modo
953 4303 1211 4367 conductionem
1228 4304 1334 4388 negle-

93 4400 154 4482 git.
206 4399 261 4466 Sic
283 4401 316 4464 in
339 4397 431 4482 idyll.
455 4406 483 4463 2.
505 4407 590 4483 perit
623 4408 656 4465 et
681 4401 827 4482 interiit,
857 4405 891 4469 in
914 4406 1057 4491 epitaph.
1081 4415 1136 4488 31,
1161 4416 1245 4475 isat
1266 4411 1332 4476 lud.
