2880 4776
650 947 818 1074 Pars
851 947 889 1071 L

187 1215 405 1300 Gflssssladss
431 1172 495 1298 de
511 1220 769 1309 nasoniano
798 1241 1016 1302 sermone¹
1030 1219 1276 1322 turonium,
1298 1218 1351 1303 do

528 1363 691 1439 graeco
718 1345 815 1424 eius
842 1345 1007 1425 colore.

226 1573 416 1656 Antequam
443 1573 482 1637 de
504 1574 634 1638 Ausoni
658 1575 928 1657 proprietatibus
945 1576 1074 1640 dicendi
1097 1577 1291 1660 singulatim
1314 1591 1388 1661 aga*

145 1702 232 1760 mus,
260 1658 375 1763 pandis
398 1682 467 1743 eius
489 1691 643 1744 naturam
665 1683 823 1746 sermonis
845 1683 879 1744 in
901 1683 1090 1747 universum
1112 1684 1336 1768 perstringam
1352 1685 1389 1747 li·

146 1795 228 1853 oeat.
273 1787 367 1862 Quae
395 1808 447 1851 res
476 1787 571 1851 nobis
597 1793 757 1869 tanquam
779 1789 1030 1854 fundamentum
1052 1791 1134 1868 ortt,
1154 1810 1217 1872 quo
1240 1791 1304 1854 nisi
1327 1792 1388 1853 sin-

145 1895 240 1979 gulas
275 1896 494 1978 proprietates
530 1894 720 1978 indagatas.
745 1896 877 1959 facilius
914 1897 948 1958 in
977 1901 1111 1960 certum·
1133 1896 1277 1962 ordinem
1308 1897 1389 1960 redi

144 2023 229 2086 gere·
242 2003 412 2085 possimus.
1411 1990 1418 1995 .

229 2109 396 2174 Ausonius
419 2109 550 2173 saeculo
572 2109 631 2172 Ill·
654 2131 685 2192 p.
701 2109 785 2190 Chri,
807 2112 903 2175 omni
918 2111 1126 2194 eloquentiae
1147 2111 1391 2194 cruditionique

27 2300 31 2306 Δ
145 2211 367 2298 iniquissimo,
390 2216 516 2296 editus,
539 2237 602 2299 quo
625 2218 756 2281 saeculo
779 2218 884 2282 oratio
906 2217 1081 2300 pedestris,
1104 2219 1199 2282 inani
1217 2218 1390 2282 verborum

145 2322 367 2387 volubilitate-
380 2331 413 2388 et
435 2323 582 2405 poeticis
595 2325 702 2407 tropis
720 2324 933 2407 licentiisque
952 2327 1082 2405 fucata,
1116 2327 1219 2406 quasi
1239 2326 1301 2390 flos
1321 2326 1389 2388 her-

145 2430 380 2514 maphroditus,
402 2431 519 2494 horum
541 2431 647 2512 poesis
670 2437 752 2510 erat,
774 2452 855 2513 quos
878 2450 971 2495 musa
992 2433 1145 2516 ingenua,
1167 2433 1263 2497 ardor
1283 2434 1389 2516 vigor>

145 2560 207 2621 que
230 2540 379 2622 poeticus
401 2538 470 2617 vel,
493 2545 530 2603 ut
551 2539 666 2620 paucis
690 2539 974 2621 comprehendam,
1004 2540 1206 2624 „ingenium
1233 2556 1324 2603 mens
1346 2534 1403 2611 di·¹

143 2647 250 2710 vinior
279 2652 380 2727 atque
409 2665 449 2708 os
474 2666 598 2728 magna
625 2646 837 2710 sonaturun1“
868 2646 966 2728 plane
998 2645 1185 2710 deficiebat:
1220 2647 1284 2710 etsi
1312 2666 1391 2728 prae

144 2754 261 2817 ceteris
283 2753 409 2835 ingenii
431 2752 659 2834 magnitudine
690 2752 891 2817 antecellens
920 2759 1051 2818 tantum
1081 2752 1194 2832 abest,
1224 2758 1262 2816 ut
1292 2772 1391 2815 sanna

143 2879 201 2941 per
222 2860 274 2922 sui
296 2858 564 2923 saeculi-naevos
586 2860 759 2942 faecesque
781 2861 940 2940 evaserit,
970 2867 1018 2925 ut'
1036 2861 1145 2924 omnia
1171 2860 1285 2943 ingeni
1307 2860 1392 2923 vitia

144 2967 213 3029 eius
235 2967 413 3031 imbiberit.
454 2966 535 3030 Inde
558 2965 685 3031 Ausoni
708 2969 855 3031 carmina
877 2990 897 3031 a
918 2968 1048 3050 poetica
1064 2967 1107 3047 vi,
1129 2967 1254 3050 ingenii
1277 2967 1389 3047 aliqua

142 3073 320 3154 lelioitate,
352 3075 592 3138 sententiarum
623 3076 793 3157 gravitate
823 3081 856 3139 et
878 3075 1053 3138 maiestate
1082 3073 1225 3137 multum
1257 3071 1387 3136 absunt:

144 3181 192 3245 Of.
215 3181 319 3244 Heine
341 3200 451 3264 opusc.
474 3179 533 3242 VI.
556 3202 586 3262 p.
608 3186 650 3242 40
672 3201 741 3262 sqq.
786 3180 851 3244 Sed
872 3180 947 3244 inde
970 3186 1004 3244 et
1027 3181 1097 3243 eius
1120 3181 1260 3243 sermoni
1281 3179 1389 3244 multa

142 3289 272 3367 insunt,
310 3306 395 3370 quae
415 3289 556 3370 puritati
578 3288 715 3372 linguae
745 3287 887 3351 Latinae
917 3288 1050 3350 minime
1082 3286 1292 3351 conveniunt.
1341 3285 1391 3347 De

143 3396 270 3478 quibus·
285 3396 379 3458 vitiis
400 3395 466 3458 iam
488 3395 622 3458 uberius
644 3395 811 3458 disseram.

224 3503 352 3567 Ausoni
375 3501 489 3580 stilus,
519 3508 557 3566 ut
591 3503 736 3565 omnium
767 3502 834 3563 fere
864 3501 920 3582 qui
950 3500 1020 3562 eius
1048 3498 1180 3561 saeculo
1208 3498 1390 3563 floruerunt

142 3616 329 3693 poetaram,
358 3607 570 3672 duriusculos
589 3615 648 3673 est.
692 3607 795 3671 Recte
816 3606 973 3670 Erasmus
995 3607 1029 3668 in
1052 3604 1264 3669 Ciceroniano
1286 3605 1390 3670 Auso.-

143 3717 234 3780 niani
263 3717 338 3781 aevi
366 3714 510 3780 indolem
540 3721 699 3779 accurate*
723 3721 757 3778 et
784 3714 924 3797 carptim
953 3712 1166 3795 perstringit,
1195 3731 1269 3776 oum
1297 3710 1388 3789 dicit,

143 3822 280 3886 Ausona
299 3824 415 3889 stilum
443 3831 593 3904 tempora
612 3821 690 3901 illa,
713 3822 809 3887 aulae
833 3820 968 3884 delicias
990 3825 1024 3883 et
1045 3818 1216 3882 licentiam
1246 3818 1388 3900 resipere

143 3927 222 4009 (vid.
252 3929 378 3996 Ausoni
408 3932 512 3996 uitam
544 3949 584 3991 ex
614 3928 733 3993 Vineto
763 3931 797 3991 in
827 3927 915 3991 Tolli
945 3926 1022 3991 edit.
1044 3923 1195 4008 p.·819.).
1247 3923 1389 3989 Latinus

60 4118 65 4123 ⁴
143 4060 247 4103 sermo
276 4038 444 4102 doctorum
475 4044 556 4101 tuno
578 4057 598 4098 a
620 4037 736 4099 nativa
757 4035 994 4116 perspicuitate
1021 4040 1054 4096 et
1083 4031 1331 4114 simplieitate,.
1346 4030 1388 4093 ab

142 4145 345 4211 inartificiali
368 4144 506 4226 quodam
529 4144 637 4208 nitore
652 4141 835 4204 desciverat
853 4140 1132 4219 aberraveratque,
1152 4139 1186 4201 in
1208 4139 1389 4204 orationem

142 4254 310 4338 turgidam
332 4271 370 4315 ac
393 4258 589 4315 contortam.
636 4248 745 4313 Cuius.
759 4249 806 4310 rei
828 4248 926 4310 testis
957 4266 1054 4309 verns
1084 4247 1160 4309 iam.
1175 4245 1391 4326 Synrmaclrus

143 4369 213 4440 est,
236 4361 295 4443 qui.
315 4360 349 4422 in
371 4359 467 4440 epist.
490 4365 517 4438 3,
543 4365 604 4420 ln:
629 4356 745 4419 Trahit
768 4376 844 4431 nos,
866 4353 989 4435 inquit„
1008 4371 1091 4416 usus
1109 4352 1276 4426 temperis
1290 4352 1336 4405 'xe
1350 4370 1401 4403 u-

1116 4450 1167 4508 ᾖ
