2880 4776
678 195 865 252 ..9.-

148 363 259 427 sonius
301 363 336 425 in
379 381 440 424 usu
481 358 716 425 venabulorum
752 377 840 420 mere
875 355 1070 420 Latinorum
1112 354 1235 433 habet,
1291 352 1392 420 lioeat

146 470 275 535 morari.
966 547 968 552 λ

233 576 401 640 Ausonius
432 582 503 640 tam
532 594 629 657 saepe
654 575 688 637 in
710 571 831 637 Latino
862 593 1008 636 sermone
1030 570 1156 635 Graece
1181 571 1313 636 loeutus
1334 577 1394 650 est,

148 691 186 750 ut
208 685 278 748 eius
300 684 406 748 oratio
429 682 556 748 Graeoo
579 681 685 746 colore
707 687 867 764 tanquam
888 681 1003 744 lunata
1024 681 1077 745 sit.

229 790 310 854 Plus
332 795 498 855 trecentas
520 810 616 853 voees
638 789 781 873 ingenue
804 786 949 851 Graecas
977 788 1012 851 in
1035 786 1234 851 earmimbus
1257 788 1326 851 suis
1348 787 1392 852 di-

147 899 276 982 spersit.
327 896 507 962 Permultis
536 895 652 960 deinde
681 895 818 960 voeibus
841 916 858 958 e
882 893 1007 958 Graeco
1037 896 1127 959 fonte
1154 895 1285 960 haustis
1314 915 1393 960 usus

147 1009 214 1082 est;
246 1024 352 1086 neque
374 1005 415 1067 iis
437 1008 585 1082 tantum,
609 1003 729 1086 quibus
750 1024 808 1086 per
829 1003 1033 1085 frequentem
1054 995 1276 1067 Romanorum
1298 1025 1392 1067 usum

146 1113 212 1176 iam
235 1113 372 1191 eivitaS,
402 1119 440 1176 ut
461 1112 511 1175 ita
534 1111 658 1191 dicam,
681 1111 761 1176 data
783 1117 855 1176 erat
875 1144 917 1158 -·-
937 1131 1042 1192 neque
1065 1109 1105 1174 ob
1129 1131 1201 1174 eam
1222 1131 1290 1173 rem
1312 1112 1392 1176 mihi

145 1220 384 1303 vituperandus
407 1226 635 1285 est—verum
657 1219 759 1284 etiam
780 1240 867 1283 nova
887 1217 1050 1282 voeabula
1072 1237 1090 1280 e
1112 1215 1239 1282 Graeco
1261 1225 1393 1302 sumpta

134 1348 250 1409 ¹eaque
279 1350 344 1392 uon
375 1347 491 1410 „parce
519 1325 668 1391 detorta“
697 1327 732 1390 in
754 1325 875 1390 Latino
898 1345 1044 1389 sermone
1065 1322 1250 1408 usurpavit.
1293 1326 1393 1391 Haud

146 1435 188 1499 ab
211 1456 246 1498 re
268 1436 361 1514 duoo,
384 1456 439 1499 eas
461 1454 576 1523 voces,
591 1455 673 1517 quas
691 1433 860 1498 Ausonius
882 1431 1043 1497 eGraeoo
1067 1439 1193 1497 sumtus
1215 1434 1340 1516 primus
1356 1432 1390 1516 ἦε)

145 1544 232 1608 inter
254 1544 430 1625 seriptoros
452 1541 583 1605 infimae
604 1541 718 1607 Latini
740 1541 897 1606 sermonis
921 1541 1043 1608 aetatis
1065 1539 1215 1621 admisit,
1243 1541 1297 1606 hio
1318 1541 1390 1608 lite·

144 1671 255 1714 rarum
277 1648 390 1714 ordine
412 1650 541 1713 referre.
578 1670 579 1675 ¹

271 1784 273 1789 ’
345 1755 480 1836 Arnen,
502 1754 607 1842 ἀμήν,
630 1759 664 1820 in
688 1758 811 1840 ephem.
835 1763 917 1836 orat,
941 1764 990 1821 85.

345 1865 619 1946 antibacchus,
641 1867 666 1945 i,
688 1862 893 1944 ἀντίβακχος,
915 1865 950 1928 in
973 1866 1068 1949 epist.
1091 1873 1125 1946 4,
1146 1872 1197 1930 93.

344 1973 523 2055 apalaria
540 1972 594 2056 aa)
621 1975 675 2038 vel
705 1973 855 2056 applaria
882 1973 1075 2038 derivantur
1097 1973 1143 2038 ab
1162 1974 1278 2038 adieot.
1301 1975 1390 2035 ἁπα-

443 2078 516 2158 λός,
539 2078 594 2163 (of.
616 2079 813 2159 Foroellini',
834 2080 855 2143 l.
879 2100 905 2144 o.
927 2102 952 2144 s.
975 2079 1006 2143 h.
1028 2079 1074 2163 v.)
1096 2081 1131 2144 in
1154 2081 1248 2163 epist.
1272 2087 1320 2144 21.
1342 2102 1389 2163 pr.

310 2255 313 2259 ,
344 2187 508 2253 attubus
538 2186 640 2270 (quod
672 2187 821 2272 Scaliger
851 2208 891 2250 ex
919 2188 1024 2252 veteri
1052 2187 1211 2272 glossario
1240 2189 1391 2254 restituit

443 2317 501 2378 pro
523 2296 677 2361 mendoso
703 2295 907 2379 „artubus“),
927 2290 1064 2373 ἄτυπος,
1086 2296 1121 2359 in
1144 2297 1239 2379 epist.
1262 2303 1311 2375 22,
1334 2301 1362 2358 9.

345 2426 449 2484 eora,
471 2405 561 2488 κόρη,
585 2429 624 2458 =
647 2403 775 2487 pupilla
796 2403 973 2483 ooulorum,
991 2405 1029 2468 in
1053 2405 1291 2488 epist.=16,60.
1370 2465 1371 2469 ,

347 2511 496 2595 cynice,
519 2533 567 2590 es,
589 2535 629 2566 =
651 2509 671 2595 ἡ
693 2513 815 2594 κυνική,
836 2512 871 2574 in
894 2512 995 2596 epigr.
1018 2519 1067 2577 27.

344 2617 500 2701 Cyprio,
523 2618 613 2698 idis,
635 2619 669 2682 in
692 2619 793 2702 epigr.
817 2624 866 2698 57,
891 2626 918 2682 1.
940 2619 1019 2684 ibid.
1044 2624 1114 2698 106,
1137 2627 1165 2683 2.

342 2732 497 2808 oystus,
519 2726 546 2804 i,
568 2728 697 2804 κύστος,
720 2727 755 2789 in
778 2727 879 2810 epigr.
904 2733 973 2806 123,
996 2731 1024 2789 5.
1116 2781 1119 2786 .

341 2832 527 2916 Cythere,
550 2855 603 2913 es,
624 2834 659 2897 in
682 2835 783 2918 epigr.
807 2839 856 2912 39,
880 2840 919 2913 5.,
943 2839 992 2913 57,
1015 2839 1043 2897 5.

341 2942 519 3024 dyseros,
542 2940 634 3020 otis,
656 2939 809 3020 δύσερως,
832 2941 867 3004 in
890 2941 992 3025 epigr.
1015 2946 1064 3020 92,
1088 2948 1115 3003 1.

341 3050 511 3134 elegion,
539 3049 602 3113 vel
631 3049 796 3134 elegeon
819 3071 860 3104 =
883 3049 1002 3134 elegia,
1034 3049 1068 3112 in
1099 3049 1282 3134 epigr..94,
1312 3055 1387 3114 2ot

440 3163 568 3241 parent.
592 3162 640 3236 29,
664 3163 691 3219 2.
832 3139 834 3142 ⁵

341 3262 641 3343 embolimaeus,
677 3286 710 3343 a,
740 3284 799 3327 um
828 3287 869 3320 =
897 3264 1106 3331 intercalaris
1140 3266 1175 3328 in
1208 3265 1310 3349 eolog.
1346 3264 1385 3328 de

438 3377 501 3436 rat.
525 3371 603 3436 dier.
627 3378 675 3434 13.

341 3498 519 3561 emporus
540 3503 581 3534 =
603 3485 765 3546 mereator
785 3480 820 3544 in
842 3482 937 3564 epist.
960 3489 1009 3560 22,
1032 3488 1080 3545 28.

341 3586 561 3671 epitropos,
584 3587 678 3670 epist.
702 3594 751 3668 22,
775 3595 802 3651 2.
839 3605 857 3645 o

339 3693 578 3776 isopleurus,
601 3717 636 3773 a,
658 3716 718 3760 um
739 3717 780 3750 =
802 3691 1013 3775 ἰσόπλευρυς,
1029 3696 1122 3780 idyll.
1146 3703 1194 3760 13.
1218 3717 1264 3780 pr.

339 3801 550 3880 isosceles,
573 3802 701 3883 adieet,
723 3803 855 3868 ibidem.

156 4014 186 4079 l)
203 4013 304 4081 Vos-es,
328 4031 393 4086 quas
411 4016 463 4071 hoo
480 4018 540 4070 loeo
557 4022 585 4070 et
600 4017 675 4071 iufra
691 4033 740 4088 pro
758 4016 924 4070 Ausonianis
942 4014 1079 4071 habendos
1097 4033 1154 4070 esse
1172 4017 1319 4086 contendo,
1337 4034 1383 4074 eae

207 4111 277 4173 sunt,
296 4123 361 4177 quas
379 4112 441 4162 ante
458 4111 608 4161 Ausonium
626 4108 654 4160 in
673 4124 723 4161 usu
741 4124 794 4161 non
811 4107 895 4162 fuisse
912 4107 1053 4164 vorborum
1065 4108 1281 4166 indioosdoeout.
1303 4111 1384 4181 Equi·

207 4194 267 4250 dom
284 4199 391 4271 inspexi
408 4205 434 4253 et
451 4199 521 4253 inter
538 4215 566 4252 se
584 4199 698 4253 contuli:
734 4197 831 4268 Aegid.
850 4199 995 4254 Foroellini
1019 4201 1129 4267 „Totius
1147 4201 1304 4257 Latinitatis
1321 4203 1384 4259 loxi-

208 4286 276 4341 oon“
295 4293 321 4341 et
338 4288 432 4344 Klotzi
448 4287 715 4357 „Handwbrterbuoh
736 4287 781 4343 der
800 4290 847 4345 lat.
865 4290 1010 4362 Spraohe.“

139 4377 190 4446 29)
207 4379 332 4434 Klotzius
350 4379 379 4446 (l.
398 4397 420 4434 o.
438 4380 486 4436 sub
506 4397 570 4435 voce
589 4380 786 4454 „hapoloria“),
805 4380 875 4458 apud
893 4382 1042 4439 Ausonium
1059 4384 1078 4439 1.
1096 4402 1117 4442 o.
1136 4385 1277 4459 hapaluria
1295 4386 1384 4457 legere

204 4468 319 4527 videtur.
