2880 4776
608 185 817 245 ..32-

91 341 256 430 (Scaliger
286 344 475 428 compendio
505 344 644 426 facere),
669 345 703 410 id
732 345 818 429 quod
847 344 927 408 mihi
955 343 1074 427 placet.
1123 341 1227 407 Velut
1248 343 1336 427 apud

90 449 249 515 Plautum
269 451 305 515 in
326 451 424 517 Most.
449 460 481 532 1,
509 459 537 532 1,
559 457 608 516 57.
630 451 768 536 legitur:
801 451 987 532 „Orationis
1009 470 1142 533 operam
1164 449 1335 530 compendi

91 557 192 621 face.“
243 555 298 622 Ad
327 559 526 624 sententiam
557 548 650 642 quod'
672 559 795 626 attinet
824 581 877 643 ap.
905 557 1030 623 Auson.
1059 557 1079 622 l.
1109 579 1135 621 c.
1165 537 1335 641 compendi

93 663 202 727 facere
231 664 343 729 eodem
374 684 472 729 sensu
499 666 724 749 accipiendum
743 673 798 731 est
820 673 921 750 atque
943 687 994 749 ap.
1015 665 1127 731 Plaut.
1148 665 1170 729 l.
1194 685 1235 744 c.,
1269 686 1335 729 non

91 790 168 835 vero
198 791 264 854 qua
290 771 533 856 significatione
553 758 682 838 Iuli‘anss
696 766 850 839 lloridts
871 773 964 853 vult,
994 772 1049 855 qui
1070 772 1092 835 l.
1116 792 1142 835 o.
1165 790 1335 854 perperam

91 876 138 939 sic
159 878 411 961 interpretatur:
443 877 577 959 Cetera,
610 901 694 963 quae
715 900 848 944 noscere
871 881 980 963 cupis,
1008 879 1043 942 in
1071 899 1179 962 pauca
1209 883 1336 944 contra·

90 981 175 1046 ham.
225 983 341 1066 Neque
363 987 449 1050 enim
471 986 640 1052 Ausonius
661 988 695 1050 in
719 988 813 1071 epist.
837 993 978 1053 exeunte
999 988 1065 1051 iam
1089 986 1267 1069 quidquam
1288 1005 1335 1049 re·

91 1089 230 1172 spondet
253 1091 296 1156 ad
318 1110 473 1179 eaquae
487 1093 712 1179 Symmachus
735 1095 913 1180 comperire
935 1093 1051 1160 voluit.

174 1211 439 1309 Defulguiarc
461 1226 495 1289 in
516 1227 658 1309 perioch.
681 1232 709 1289 5.
731 1212 835 1290 11-
856 1213 981 1310 clipeus
1002 1213 1113 1312 iguem
1134 1226 1335 1310 defulgurat.

91 1387 96 1394 .
128 1388 131 1392 .
173 1328 398 1397 Exainuare
426 1334 461 1396 in
489 1332 582 1418 idyll.
614 1341 669 1413 14,
693 1340 741 1396 29.
772 1332 972 1414 (exinuabat,
997 1331 1162 1413 amictus).
1212 1333 1335 1398 Eodem

91 1435 190 1518 verbo
212 1437 321 1522 utitur
340 1438 550 1506 Prudentius.
599 1438 648 1505 Of.
669 1440 781 1506 Klotz.

174 1543 426 1611 Humificare
446 1546 482 1610 in
504 1545 598 1631 idyll.
621 1554 650 1627 8,
674 1554 721 1610 12.
745 1546 947 1630 (Sementem
969 1548 1138 1612 humificet
1159 1544 1292 1628 Notus.)

173 1651 430 1719 Interludere
451 1654 486 1718 in
507 1653 600 1738 idyll.
624 1661 673 1735 10,
697 1661 762 1718 76.;

289 1751 534 1827 interludentes
556 1762 709 1826 examina
729 1762 858 1827 lubrica
879 1764 995 1844 pisces.

174 1865 411 1954 Superexire
432 1869 467 1933 in
488 1869 582 1954 idyll.
606 1877 655 1949 18,
679 1877 711 1933 1:

291 1974 355 2041 Ter
382 1975 478 2042 binos
505 1976 678 2061 deciesque
706 1997 822 2043 novem
852 1976 1020 2059 supererit
1048 1976 1082 2038 in
1115 1997 1219 2041 annos
1249 1975 1336 2056 (vita

489 2080 650 2166 virorum)

92 2186 182 2269 (aliiz
204 2210 302 2274 super
322 2189 416 2273 exit.)
506 2216 509 2222 ·

170 2295 267 2362 Haec
288 2303 367 2364 sunt
388 2298 491 2364 verba
511 2296 723 2376 Ausoniana3
754 2297 875 2381 quibus
906 2298 1042 2364 verbum
1070 2298 1335 2362 minuissendi

93 2402 245 2469 adderem.
273 2425 312 2470 ex
344 2406 468 2489 ephem.
490 2411 573 2472 orat.
598 2412 653 2484 16,
683 2406 712 2470 si
732 2404 917 2471 Ausonium
939 2428 974 2470 re
995 2427 1074 2470 vera
1095 2406 1145 2470 ita
1166 2405 1335 2488 scripsisse

85 2502 269 2579 consuas
312 2512 349 2576 L.
373 2534 416 2577 c.:

293 2652 353 2700 ,-·
375 2627 409 2686 et
431 2622 561 2707 profugi
583 2621 785 2686 minuiscunt
807 2623 944 2686 crimina
966 2621 1070 2685 somni
1093 2622 1151 2664 -“

91 2725 139 2791 sic
161 2724 310 2813 Scaliger
331 2736 476 2793 veterem
496 2729 672 2794 lectionem
697 2750 833 2809 „munus
856 2728 967 2808 cum“,
1007 2729 1099 2792 cuius
1128 2720 1335 2791 nullus‘erat

91 2854 220 2915 sensus,
242 2836 437 2902 emendavit.

79 3112 82 3119 ·
188 3070 189 3075 ‘
316 3061 1047 3181 A2)Vsrbainus1tatoterminatione.

124 3272 127 3277 ·
174 3250 312 3344 fractor
339 3249 476 3317 verbum
505 3250 715 3319 claudicandi
745 3274 802 3317 seu
825 3253 1000 3318 claudendi
1022 3253 1079 3335 (II.
1103 3250 1247 3336 coniug.)
1269 3251 1335 3314 Au·

93 3358 204 3424 eonius
227 3358 363 3423 verbum
386 3357 472 3442 quod
495 3365 545 3424 est
568 3359 726 3426 eludare
748 3360 801 3425 vel
823 3359 974 3425 claudere
997 3359 1149 3436 exhibet,
1171 3361 1211 3423 of.
1234 3358 1337 3435 Neue,

92 3466 118 3529 l.-
138 3485 164 3529 c.
187 3465 231 3529 11.
253 3472 324 3530 327.
367 3467 407 3531 ln
430 3474 512 3551 sept.
536 3488 604 3552 sap.
627 3469 708 3552 prol.
731 3474 788 3533 32:
883 3476 888 3484 '

328 3641 330 3645 .
492 3575 549 3641 scd
570 3577 599 3641 si
620 3576 777 3642 memoria

294 3681 406 3748 Rebus
428 3684 570 3751 vetustis
592 3683 696 3751 cludit
720 3717 758 3729 -
781 3683 870 3765 (aliiz
894 3680 1045 3764 claudit.)

95 3786 142 3865 Of.
164 3786 357 3856 Alschefski
378 3792 421 3856 ad
441 3791 513 3856 Liv.
538 3799 587 3872 22,
609 3797 658 3856 39.

177 3900 242 3966 Pro
269 3901 369 3967 verbo
401 3923 430 3985 q.
461 3923 488 3966 e.
518 3901 610 3966 clueo
639 3899 808 3966 Ausonius
840 3897 975 3981 „cluo“
1008 3900 1149 3982 scripsit.
1193 3898 1231 3960 In
1254 3897 1335 3980 prof.

92 4010 193 4077 Burd.
216 4017 265 4089 ar,
288 4002 353 4076 aa:

296 4100 469 4202 ,Nancisoi
490 4125 529 4184 ut
551 4115 698 4183 cluerent
718 4115 870 4201 patribus
891 4113 1081 4200 ingenuis“;

94 4229 129 4295 in
150 4227 217 4294 lud.
241 4227 280 4293 dc
302 4234 385 4313 sept.
407 4238 477 4311 sap.
498 4224 690 4292 (ileob.''2.:‘
715 4237 718 4241 ’
839 4234 843 4241 ’
984 4233 987 4239 “

293 4335 436 4424 Magnae
457 4333 516 4400 sed
536 4340 667 4413 auctor,
689 4355 755 4418 qua
776 4333 867 4411 cluo,
888 4330 1083 4397 sententiae.

178 4445 274 4514 Addo
296 4465 336 4511 ex
359 4443 457 4529 epist..
478 4449 534 4525 16,
556 4447 622 4509 fla
658 4440 761 4524 „Nam
783 4437 899 4512 consul
923 4443 1093 4509 aternum
1115 4435 1243 4513 aluet“,
1273 4455 1336 4518 quo
