2880 4776
538 875 706 987 Pars
755 877 836 988 II.

618 1143 761 1154 ..ο-ιιι...

489 1288 813 1388 Quaestio
858 1290 890 1387 Ι.

389 1506 453 1589 Bo
477 1505 658 1589 nomine
684 1506 982 1596 substantivo.
1018 1554 1028 1570 ·

648 1689 678 1767 s.
702 1695 730 1751 1.

294 1837 351 1916 De
384 1832 692 1916 substantivi
726 1831 1085 1917 terminatione.

148 2004 333 2070 Ausonium
355 2002 556 2086 exquisitum
579 2002 658 2085 quid
678 2003 713 2066 in
735 2004 883 2068 oratione
904 2002 1232 2069 texendaaffeotasse
1247 2024 1312 2068 ms·

64 2113 151 2178 xime
173 2133 214 2176 ex
234 2112 304 2176 eius
325 2112 493 2176 nominum
515 2110 799 2176 substantivorum
820 2132 883 2175 usu
905 2110 1022 2176 elucet.
1050 2109 1145 2186 Quod
1167 2111 1312 2177 studium

65 2220 239 2304 praecipue
261 2241 335 2286 eum
356 2219 479 2298 movit,
509 2224 547 2284 ut
568 2218 734 2302 permulta
763 2240 863 2283 nova
890 2219 1146 2285 substantiva.
1171 2218 1312 2284 maxime

66 2333 221 2412 exparte
249 2327 342 2392 nulla
371 2326 570 2392 necessitate
600 2332 734 2392 coaetus
766 2327 914 2412 fingeret.
965 2324 1064 2392 Libat
1092 2326 1174 2391 haee
1203 2325 1312 2390 omnia

64 2435 126 2501 hoo
147 2435 218 2501 looo
242 2456 441 2521 componere.
489 2433 583 2500 Inter
604 2455 688 2517 quae
710 2434 883 2518 pleraque,
913 2433 1033 2517 quippe
1055 2453 1192 2516 quorum
1213 2433 1311 2519 signi*

65 2541 176 2609 fieatio
206 2543 309 2626 primo
340 2549 477 2627 aspectu
498 2562 631 2627 prorsus
652 2542 826 2626 perspicua
848 2542 909 2622 sit,
940 2541 1010 2606 siue
1039 2541 1313 2624 interpretatione

65 2651 257 2717 referentur.

459 2839 486 2903 1.
529 2833 742 2898 substantivo
763 2833 919 2898 1011101111.

165 2983 425 3067 Antieipator
447 2984 481 3046 in
504 2983 627 3066 epham.
651 2989 733 3048 oret.
758 2988 776 3045 9
799 2980 958 3064 (carmine
982 2981 1068 3065 quod
1090 2981 1148 3046 alii
1169 2981 1311 3047 Paulino

263 3089 392 3155 Nolano
415 3087 706 3172 tribuunt)‚'Deus
728 3089 850 3154 mundi.

166 3197 404 3264 constrator
425 3199 460 3262 in
481 3197 632 3282 teohnop.
657 3198 697 3262 de
720 3197 798 3262 deis.
823 3205 871 3260 11.

165 3304 439 3370 Edissertutor
460 3306 494 3369 in
517 3327 585 3388 sap.
608 3305 688 3389 prol.
712 3311 761 3368 33.

166 3411 372 3477 Demensio
394 3413 428 3476 in
452 3414 546 3497 epist.
571 3419 599 3492 5,
624 3421 671 3476 11.

126 3579 133 3594 ,
166 3519 398 3585 Habitatuix
421 3521 455 3584 in
477 3519 569 3605 idyll.
594 3526 642 3599 10,
665 3527 714 3584 82.

95 3658 101 3671 ·
165 3627 366 3706 imitatus,
388 3649 447 3707 us,
469 3629 504 3692 in
526 3628 667 3712 periooh.
692 3634 739 3691 14.
764 3627 822 3693 Od.

166 3734 372 3799 Manamen
394 3736 428 3799 in
450 3735 543 3820 idyll.
568 3741 616 3816 10,
639 3742 687 3798 32.

165 3841 344 3907 Nouatus
365 3843 399 3906 in
422 3842 514 3927 idyll.
539 3848 588 3922 14,
611 3848 659 3906 39.

166 3947 409 4016 Oeeursator
430 3951 465 4014 in
486 3951 579 4035 idyll.
605 3957 653 4029 12,
676 3955 715 4013 25
738 3948 793 4032 (of.
811 3950 975 4014 substant.
999 3950 1237 4015 oooursationis
1260 3971 1311 4034 ap,

266 4058 332 4124 Cio.
355 4080 412 4142 pro
435 4059 548 4124 Plano.
573 4065 621 4139 12,
644 4056 708 4139 29).

165 4166 408 4251 Profligatio
430 4168 465 4232 in
486 4166 627 4250 periooh.
651 4173 678 4229 2.
702 4164 760 4230 Od.
784 4200 824 4209 —
846 4164 1014 4228 bonorum.
1035 4173 1078 4210 '-

165 4273 389 4359 Vegetatou·
410 4276 445 4342 iu
467 4274 592 4358 epham.
615 4279 698 4339 orat.
722 4279 770 4338 16.

147 4380 239 4447 Haeo
261 4389 339 4455 sunt
361 4382 574 4456 substantiva
595 4381 745 4453 verbalia
767 4381 810 4452 ab
832 4380 980 4451 Ausonio
1004 4381 1152 4450 oonfiota.
1183 4377 1312 4458 Quibus
