2880 4776
612 198 819 270 fig?-

94 376 176 456 sept.
199 386 267 455 sap.
281 369 363 436 Ohil.
374 377 402 436 5.
420 372 514 452 abiit,
536 372 631 453 obiit,
652 371 733 453 abit,
746 371 894 437 obit'uno
916 372 1092 455 eodemque
1107 371 1180 437 loeo
1199 361 1343 439 exhibet.

97 480 200 545 Cuius
222 481 353 565 generis
363 482 519 544 sexcenta
534 479 683 562 exempla
705 479 862 565 legimus;
885 480 1007 544 formas
1024 475 1172 565 integras
1193 486 1246 544 ter
1263 501 1343 564 >qua-

98 596 192 655 terve
224 594 366 654 tantum.
416 585 456 649 In
479 588 574 670 epist.
598 592 635 667 9,
657 592 706 650 48.
730 587 837 664 adivi3
865 588 900 650 in
926 587 1069 671 epitaph.
1093 593 1147 668 32,
1168 593 1197 650 4.
1220 587 1343 666 obivit;

94 698 128 759 in
151 696 229 760 alar.
253 701 289 775 6,
313 701 362 757 12.
387 695 552 759 transivit.
605 693 772 778 Simplicis
794 693 887 758 verbi
917 716 947 777 q.
970 717 997 759 e.
1029 717 1066 761 eo
1089 717 1188 759 unam
1210 697 1343 761 tantum

95 804 233 868 formam
256 808 462 867 contractam
485 800 572 883 apud
593 799 778 866 Ausonium
799 801 876 886 legi,
897 803 932 866 in
955 804 1050 885 epist.
1073 808 1101 882 5,
1125 809 1152 866 7.
1175 804 1249 867 isse.

178 909 340 993 Persaepe
369 907 538 973 Ausonius
569 908 744 972 evitandae
774 909 965 992 asperitatis
987 930 1088 974 eausa
1110 909 1240 992 (Quint.
1264 919 1292 991 1,
1315 918 1343 990 5,

95 1016 161 1098 42.)
184 1015 360 1079 secundam
382 1036 555 1098 personam
577 1036 664 1079 num.
687 1017 770 1100 sing.
794 1015 966 1081 verborum
995 1019 1200 1101 passivorum
1229 1025 1263 1084 et
1292 1019 1343 1082 de·

95 1125 287 1207 ponentium
309 1125 454 1188 omnium
485 1124 754 1208 coniugationum
777 1132 942 1208 excepto
965 1123 1187 1190 indicativo
1217 1147 1342 1208 praes.

94 1233 129 1294 in
150 1252 185 1295 re
206 1252 263 1314 pro
286 1231 332 1294 ris
353 1222 586 1296 terminantem
608 1230 751 1296 exhibet.
763 1231 946 1305 lPermulta
969 1231 1117 1315 exempla
1139 1233 1342 1317 inpromptu

96 1346 190 1419 sunt,
233 1359 316 1421 quae
344 1339 522 1405 brevitatis
554 1359 653 1402 eausa
683 1339 789 1402 soiens
818 1339 944 1404 omitto.
1008 1337 1158 1405 Suffioiat
1180 1341 1344 1405 monuisse

95 1445 279 1511 Ausonium
301 1448 422 1511 formas
444 1449 478 1510 in
501 1468 535 1510 re
559 1452 716 1510 exeuntes
738 1445 930 1529 plerumque
952 1447 1130 1530 seripsisse.

181 1553 379 1637 Saepissime
402 1554 541 1635 denique
564 1553 732 1618 Ausonius
761 1556 864 1618 tertia
885 1574 1025 1638 persona
1046 1555 1130 1638 plur.
1154 1576 1240 1619 num.
1263 1556 1345 1621 indi-

97 1663 199 1727 cativi
221 1663 302 1745 perf.
325 1668 389 1726 aet.
411 1661 525 1726 formis
547 1663 582 1724 in
605 1682 657 1725 ere
679 1682 736 1744 pro
759 1669 855 1727 erunt
878 1662 1075 1728 exeuntibus
1097 1663 1213 1728 utitur.
1248 1662 1344 1738 Quod

97 1790 200 1854 genus
223 1769 373 1852 exempla
395 1770 447 1833 hie
470 1770 592 1833 referre
614 1769 750 1854 longum
772 1776 831 1834 est.
876 1771 949 1836 Non
965 1771 1082 1835 omitto
1105 1792 1153 1851 ea,
1176 1792 1259 1854 quae
1282 1793 1344 1836 me·

97 1886 227 1945 moratu
249 1879 443 1964 dignissima
465 1883 559 1957 sunt,
588 1877 783 1961 respondere
805 1879 840 1941 in
861 1878 957 1961 epist.
981 1883 1036 1957 25,
1059 1885 1108 1942 26.
1136 1885 1170 1942 et
1191 1880 1226 1946 iu
1249 1877 1343 1944 Grat.

98 1993 162 2050 aot.
187 1987 234 2048 73.
257 1984 385 2068 (Such.)
406 1985 518 2049 videre
538 1984 602 2066 (sie
625 1983 754 2049 Gellius
778 1990 827 2066 10,
849 1991 878 2065 3,
901 1984 965 2068 17.)
988 1986 1027 2049 of.
1051 1984 1159 2064 Neue,⁴
1169 1985 1214 2066 11,
1231 2006 1261 2069 p.
1274 1992 1342 2049 295.

181 2091 352 2157 Hactenus
373 2092 412 2156 de
434 2093 562 2157 Ausoni
583 2092 843 2176 proprietatibus
861 2094 899 2156 in
922 2114 983 2158 usu
1006 2095 1187 2158 verborum.
1316 2110 1319 2117 ’

573 2322 872 2343 m

492 2541 572 2638 Qu
589 2569 615 2638 a
632 2569 654 2638 e
672 2568 693 2637 s
710 2546 731 2638 t
747 2542 764 2635 i
782 2566 808 2638 0
856 2540 896 2637 V
912 2539 943 2636 l.

555 2730 619 2838 ae
646 2756 888 2838 asverus.

185 2922 315 2987 Ausoni
335 2922 481 2988 studium
504 2920 630 3004 aliquid
651 2925 728 2988 novi
752 2931 787 2988 et
797 2923 954 3006 exquisiti
963 2922 998 2986 in
1007 2922 1155 2989 oratione
1168 2923 1345 2990 affectandi

101 3051 164 3094 non
195 3051 312 3113 parum
340 3027 442 3094 habet
471 3032 628 3096 momenti
658 3032 759 3096 etiam
789 3031 831 3095 ad
860 3051 956 3095 usum
990 3028 1228 3097 adverbiorum.
1272 3031 1345 3097 Non

100 3155 207 3219 pauca
229 3124 386 3202 adverbia
407 3138 577 3202 Ausonius
597 3137 754 3222 protulit,
776 3159 860 3221 quae
882 3138 966 3203 alias
987 3159 1052 3203 non
1072 3136 1247 3222 leguntur,
1270 3139 1346 3219 alia,

101 3264 185 3326 quae
208 3243 358 3310 obsoleta
380 3245 432 3310 vel
454 3266 533 3311 usus
553 3247 688 3312 rarioris
710 3253 797 3312 sunt.

184 3350 363 3433 Adverbia,
386 3373 469 3436 quae
485 3353 571 3439 apud
581 3353 767 3417 Ausonium
782 3359 915 3418 tantum
931 3353 1150 3436 reperiuntur,
1162 3352 1242 3416 haee
1253 3358 1344 3419 sunt:

200 3458 462 3543 glomeratius
491 3460 524 3527 in
548 3459 642 3526 Grat.
666 3467 729 3525 aet.
753 3460 793 3524 68
816 3458 901 3543 (29):
925 3461 998 3542 quis
1020 3467 1186 3526 oratorum
1208 3458 1344 3523 densata

300 3566 344 3651 gl.
367 3567 461 3633 dixit.

200 3676 521 3759 improperanter
542 3677 577 3738 in
599 3675 743 3759 epitaph.
768 3663 817 3755 35,
840 3681 867 3738 3.

200 3783 400 3847 indefesse
422 3784 456 3846 in
479 3782 572 3849 (irat.
591 3790 660 3848 aet.
683 3788 723 3845 35
745 3781 825 3864 (77).

201 3891 360 3955 interne
377 3889 410 3973 *)
439 3912 495 3974 pro
524 3891 616 3956 intus
645 3891 679 3953 in
702 3890 780 3954 alar.
810 3889 881 3954 urb.
906 3894 1032 3968 14,14.
1063 3894 1096 3952 et
1120 3886 1214 3971 epist.
1238 3894 1274 3968 5,
1297 3895 1346 3952 21.

301 3998 348 4063 Of.
370 3997 473 4076 Neue,
495 3997 538 4060 Π.
562 4018 591 4080 p.
615 4003 685 4061 518.
731 4020 735 4025 ·

101 4149 398 4159 ›Qu—*n
437 4153 441 4161 .

100 4215 129 4280 a)
149 4211 226 4266 Libet
243 4212 294 4266 hoo
311 4212 370 4267 loco
388 4217 517 4266 annotare
534 4210 641 4266 interne
659 4210 694 4266 ab
711 4212 832 4266 Ausonio
847 4209 945 4266 ultime
962 4209 1068 4282 syllaba
1085 4215 1207 4281 sarrepta
1224 4211 1348 4292 proferri·

167 4301 304 4356 Adverbia
321 4301 452 4356 similiter
469 4301 502 4355 ab
520 4303 642 4356 Ausonio
660 4303 771 4371 licenter
788 4305 910 4373 correpta
927 4306 990 4355 sunt
1009 4301 1082 4355 haee.
1203 4309 1206 4312 ’

203 4393 232 4448 ln
251 4394 336 4463 epigr.
357 4393 414 4461 105,
431 4393 469 4447 la:
961 4467 964 4470 Ι

301 4483 370 4537 Nam
387 4489 475 4538 tecum
495 4485 549 4537 lere
568 4489 640 4538 totus
658 4501 711 4551 ero,
731 4499 895 4554 quocumque
913 4482 1034 4538 recedam
1057 4515 1084 4525 »Δ

1080 4582 1097 4635 3
