2880 4776
595 168 904 278 40..¹

171 359 214 424 In
240 345 293 423 his
308 345 458 438 ·,larris“
487 377 508 419 e
536 361 627 420 recto
659 354 747 433 „far“
777 354 863 419 male
893 355 1046 438 congruit
1075 374 1148 419 cnm
1175 339 1324 438 opimae;

78 489 154 532 nam
183 467 235 531 far
263 463 351 550 apud
378 463 518 529 Latinos
548 485 613 528 non
643 461 708 528 alio
738 464 803 527 nisi
831 483 949 548 genere
977 469 1094 527 neutro
1124 460 1322 527 dictumest

78 574 134 659 (cf.
145 574 248 654 Neue,
269 573 296 637 Ι.
309 577 417 655 649.p.
429 570 525 653 685.).
559 569 798 635 Censeamusne
820 570 925 655 igitur
945 570 1130 635 Ausonium
1151 570 1203 633 far
1223 569 1323 633 inusi-
1401 582 1409 596 ‘

78 689 151 749 sato
180 701 298 767 genere
326 679 482 744 feminino
504 677 703 761 usurpasse?
733 712 773 723 -
800 678 916 743 Monet
936 676 1029 741 Elias
1051 675 1248 754 Vinctusin
1270 696 1323 740 ve·

78 791 142 855 teri
171 789 332 876 glossario
354 786 489 871 reperiri
518 786 640 850 farris
669 786 815 851 inrecto
838 806 933 866 casu,
963 784 1048 867 quod
1076 786 1222 867 potuerit
1251 805 1322 849 esse

77 897 207 983 generis
236 895 395 960 feminini.
445 892 526 958 Inde
555 899 668 960 servet
695 892 837 958 Vinctus
867 893 1001 974 „farris“
1026 892 1116 957 codd.
1138 892 1323 975 lectionem,

79 1026 153 1069 cum
175 1003 304 1070 Tollius
328 1001 472 1087 „caruis“
496 1007 643 1085 reponet.
693 1000 765 1086 Ego
793 1022 921 1083 quoque
948 1002 1068 1065 faciam
1095 1021 1169 1066 cum
1189 998 1322 1066 Vineto.

77 1112 163 1177 Nam
184 1131 324 1195 magnac
345 1111 474 1175 ratione
496 1109 613 1176 habita
638 1107 811 1188 licentiae,
842 1129 940 1193 quam
967 1109 1135 1173 Ausonius
1165 1129 1266 1192 quum
1287 1109 1321 1172 in

78 1219 172 1284 novis
202 1214 373 1283 vocabulis
401 1216 562 1301 fingendis
590 1222 662 1281 tum
686 1217 723 1301 in
745 1216 965 1282 substantivis
985 1217 1148 1282 inusitata
1169 1200 1347 1282 termine·n

78 1327 168 1392 tione
190 1325 392 1410 proferendis
414 1324 479 1389 sibi
501 1324 651 1410 sumpsit,
673 1324 827 1389 uoniam
848 1325 882 1387 in
897 1322 957 1388 hoc
980 1344 1072 1393 casu
1094 1330 1202 1389 recto
1227 1324 1321 1404 „far-

78 1433 157 1498 ris“
189 1431 360 1498 offendam.
410 1428 551 1497 Accedit
581 1430 666 1514 quod
693 1431 771 1495 huic
798 1436 947 1497 mutatae
969 1432 1197 1496 terminationi
1218 1452 1321 1496 exem·

78 1540 169 1624 plum
190 1559 324 1625 prorsus
342 1539 452 1618 ,simile
474 1538 642 1605 Ausonius
664 1538 752 1623 apud
773 1538 918 1603 Plinium
940 1540 1077 1605 invenit.
1120 1539 1159 1603 In
1181 1539 1266 1603 Plin.
1289 1540 1319 1603 h.

79 1672 107 1713 n.
131 1654 258 1728 12,12.
282 1654 331 1710 26.
362 1630 466 1712 forma
495 1646 676 1711 baccaris
709 1667 766 1730 pro
791 1646 947 1728 „baccar“
971 1648 1147 1713 invenitur.
1190 1646 1321 1713 Similia

79 1755 229 1841 exempla
259 1761 337 1820 sunt
359 1754 530 1847 turturis
552 1778 592 1809 =
615 1760 728 1820 turtur
749 1776 800 1838 ap.
823 1753 947 1820 Ausou.
970 1755 1064 1840 idyll.
1088 1762 1135 1821 13.
1156 1776 1222 1839 pr.;
1251 1756 1320 1820 vul-

78 1865 163 1929 turis
185 1888 225 1920 =
247 1863 362 1929 vultur
378 1861 470 1947 apud
490 1861 634 1931 Ennium
657 1860 837 1944 (etheus,
857 1862 884 1925 Ι.
908 1884 939 1946 p.
964 1862 1062 1944 163.);
1084 1863 1196 1935 lintris
1212 1863 1320 1927 :lin-

79 1978 131 2036 ter
151 1972 185 2035 in
208 1969 318 2035 Sidon.
342 1990 439 2034 cerm.
463 1974 490 2048 5,
514 1973 584 2033 283.

163 2076 290 2142 Genere
313 2077 476 2143 communi
497 2075 539 2141 ab
563 2074 710 2141 Ausonio
732 2077 767 2140 in
788 2076 880 2159 idyll.
905 2084 952 2156 11,
974 2082 1024 2139 40.
1046 2077 1106 2142 130
1129 2084 1320 2160 usurpatur:

276 2183 341 2249 illa
362 2185 463 2251 etiam
485 2183 649 2251 thalamos
670 2205 728 2268 per
749 2185 839 2249 trine
861 2186 1051 2269 aenigmata
1073 2206 1246 2268 quaerens:

278 2290 344 2366 Qui
364 2290 457 2376 bipes
480 2298 513 2356 et
536 2291 720 2384 quadrupes
743 2292 827 2357 foret
850 2298 883 2358 et
904 2293 1008 2376 tripes
1029 2294 1138 2358 omnia
1160 2292 1258 2373 solus,

278 2398 411 2464 Terruit
433 2399 574 2464 Aoniam
596 2398 749 2480 volucris,
769 2399 831 2479 leo,
853 2401 956 2485 virgo,
978 2401 1137 2466 triformis

223 2591 226 2599 st
278 2505 413 2590 Sphinx,
432 2505 580 2572 uulneris
595 2507 727 2590 pennis,
747 2505 885 2590 pedibus
906 2508 986 2588 fers,
1008 2509 1116 2573 fronte
1137 2507 1258 2592 puella.

160 2614 330 2679 Neminem
351 2614 411 2678 hos
432 2634 546 2678 versus
560 2619 699 2691 ,attente
711 2613 885 2699 ‘legentem
913 2616 1020 2700 fugiet
1041 2623 1174 2700 poetam
1194 2615 1320 2680 leonem

78 2724 233 2788 feminam
265 2720 386 2786 dixisse
415 2742 479 2787 non
509 2742 641 2786 marem.
691 2718 777 2786 Nam
807 2738 907 2805 quum
938 2719 1063 2805 Sphinx
1094 2722 1128 2806 (a
1157 2725 1321 2808 superiore

78 2836 173 2914 parte
194 2825 303 2914 virgo)
332 2848 413 2894 sexu
444 2835 495 2895 est
516 2829 688 2909 feminino,
717 2850 758 2894 ne
787 2831 843 2894 vix
873 2829 1003 2912 quidem
1031 2852 1103 2895 eam
1132 2831 1167 2895 in
1195 2831 1321 2896 leonem

79 2958 200 3003 marem
230 2936 364 3001 desiisse
393 2937 534 3021 cogitari
563 2937 705 3021 potest„
732 2935 886 3003 Profecto
907 2938 1077 3002 minimum
1100 2945 1248 3004 veterum
1270 2959 1322 3003 ex·

79 3045 189 3111 cultae
219 3042 405 3128 elegantiae
434 3042 555 3110 iudicio
585 3044 823 3125 tribueremus,
852 3045 880 3109 si
902 3053 1083 3112 monstrum
1113 3067 1167 3112 eos
1188 3046 1322 3110 finxisse

79 3152 298 3231 crederemus,
327 3151 420 3214 cuius
449 3145 570 3217 natura
599 3170 639 3215 ex
661 3156 800 3235 utroque
829 3173 908 3217 sexu
938 3153 1043 3219 mixta
1072 3174 1111 3218 ac
1141 3153 1322 3239 composita

80 3267 175 3324 esset.
225 3257 344 3342 Itaque
365 3258 416 3323 leo
439 3259 460 3321 l.
484 3279 510 3322 o.
533 3260 700 3344 significat
722 3260 850 3325 leonem
872 3261 1036 3325 feminam.
1081 3259 1191 3335 Quare
1206 3240 1320 3338 miror,

79 3365 165 3450 quod
186 3364 295 3446 Neue,
316 3364 527 3431 doctissimus
548 3361 605 3432 ille
626 3368 694 3446 vir,
716 3366 778 3432 hoc
799 3367 870 3434 loco
893 3369 1011 3434 omisso
1033 3370 1068 3432 in
1089 3390 1120 3453 p.
1144 3373 1216 3432 641:
1244 3369 1321 3448 Leo,

78 3474 204 3555 inquit,
232 3486 295 3538 mot
315 3470 514 3542 -Oommune,
532 3473 601 3555 narb
624 3472 714 3539 Serv.
746 3474 788 3539 ad
809 3472 902 3560 Virg.
926 3473 984 3540 Ge.
1007 3482 1042 3557 3,
1066 3482 1135 3541 245.
1164 3474 1227 3544 unb
1251 3474 1321 3557 nath

78 3579 180 3645 Prisc.
203 3585 231 3662 5,
254 3586 283 3646 8.
305 3586 359 3644 42..
377 3601 408 3664 p.
432 3585 501 3645 658.
528 3579 856 3648 illd-&minirum
878 3581 989 3651 leuues
1011 3585 1068 3651 uir
1089 3591 1123 3651 ed
1145 3583 1228 3666 nicht,
1250 3583 1323 3652 oicls

79 3686 163 3770 [steht
185 3685 256 3759 obet
277 3685 384 3768 fosete
403 3684 635 3770 hicictbcgorn
657 3686 738 3757 serre
759 3687 925 3771 nutritoe
940 3688 1134 3773 heldierius
1148 3690 1322 3775 heroidum.

80 3794 127 3861 Of.
150 3794 230 3862 ibid.
251 3816 282 3879 p.
306 3801 375 3860 644.
405 3821 410 3830 ·

160 3902 329 3969 Mosella
358 3901 400 3969 ab
430 3902 578 3969 Ausonio
608 3910 642 3970 et
664 3904 844 3974 masculino
867 3913 902 3971 et
923 3907 1080 3972 feminino
1106 3929 1224 3992 genere
1247 3909 1323 3974 dici·

78 4015 147 4089 rur;
171 4010 326 4094 or.idy11.
351 4015 400 4091 rc,
421 4017 492 4085 333.
515 4018 584 4075 381.
607 4011 650 4076 al.
672 4011 695 4075 1.
718 4019 752 4077 ec
773 4012 851 4077 ibid.
876 4019 925 4093 73,
948 4020 1017 4078 ros.
1039 4021 1111 4079 374.
1134 4016 1175 4081 al.
1198 4018 1220 4080 1.

162 4115 314 4202 Vulgus
336 4117 430 4202 ¹spud
459 4118 643 4184 Ausonium
674 4120 707 4183 in
742 4121 838 4204 epist.
871 4127 906 4201 9,
937 4128 986 4185 45.
1022 4124 1197 4188 masculini
1214 4146 1322 4209 -gene-

78 4224 123 4287 ris
146 4231 205 4290 est.

160 4329 295 4411 Secus,
317 4351 433 4413 pernen
456 4335 587 4418 generis
607 4335 732 4414 neutri,
756 4335 841 4418 quod
862 4357 921 4419 per
941 4357 1053 4402 omnes
1075 4358 1171 4405 cesus
1191 4339 1322 4421 integra
1427 4384 1430 4389 -

49 4428 163 4492 frma
194 4433 405 4519 declinatur,
437 4439 530 4527 apud
560 4442 750 4509 Ausonium
775 4449 827 4510 ter
848 4443 985 4528 legitur3
1014 4445 1071 4510 sed
1092 4446 1219 4511 duobus
1241 4446 1323 4512 locis
