2880 4776
611 203 818 267 ‚23-

168 362 423 453 ¹inaspicuus
446 367 541 450 epist.
565 372 614 447 23,
637 374 685 430 22.

193 475 436 549 inconnexus
457 474 550 558 idyll.
574 482 622 539 12.
644 476 774 541 inconn.

92 619 94 625 =
193 582 427 647 intremulus
450 582 595 666 epitaph.
617 589 668 662 34,
689 588 718 643 4.

192 689 444 754 mellifluens
466 689 561 772 epist.
586 696 635 769 16,
658 695 707 753 14.

193 795 457 862 oblectabilis
479 798 574 880 epist.
598 802 636 859 19
658 803 740 862 extr.

193 904 424 969 sedecennis
446 905 589 988 epitaph.
613 910 653 967 32
675 905 755 967 inse.
1075 984 1078 991 Ι

193 1011 380 1097 teriugus
402 1011 497 1093 epist.
520 1017 620 1090 8,11.
645 1009 743 1093 (alias
764 1010 918 1096 triiugus,
938 1008 1042 1090 Neue,
1064 1004 1108 1073 Π.
1133 1000 1196 1092 70.)

193 1115 498 1182 transmeabilis
521 1114 615 1181 (irat.
639 1125 703 1181 act.
726 1119 755 1195 ξ.
780 1124 827 1182 79.
851 1102 979 1200 (Such.)
1067 1112 1072 1116 ’

194 1224 419 1291 triffissilis
442 1225 537 1306 epist.
562 1231 611 1303 28,
635 1229 661 1285 7.

176 1357 228 1422 Ex
257 1356 432 1422 adjectivis
460 1357 650 1438 compositis
679 1357 713 1419 in
738 1356 810 1435 „0r“
835 1356 1062 1421 desinentibus
1090 1357 1171 1423 heco
1192 1379 1249 1440 pro
1271 1358 1339 1423 Au·

94 1465 239 1530 sonianis
259 1463 411 1529 habenda
432 1469 527 1528 sunt:
603 1454 606 1459 ’

195 1570 409 1637 ertricolor
430 1571 465 1634 in
488 1570 582 1653 epist.
608 1577 634 1649 7,
657 1575 705 1631 52.

194 1678 359 1744 iricolor
381 1678 476 1760 epist.
500 1683 529 1757 3,
553 1683 601 1740 15.

194 1785 407 1850 lacticolor
429 1786 525 1869 epist.
550 1790 577 1864 7,
600 1791 648 1847 54.

176 1917 218 1980 In
241 1917 335 2000 „pes“
360 1917 530 1982 desinunt:

195 2025 360 2107 fissipes
381 2024 416 2086 in
439 2024 534 2106 epist.
558 2028 586 2102 5,
608 2029 636 2084 3.

193 2131 372 2213 lentipes
393 2131 488 2214 epist.
513 2136 562 2208 21,
583 2135 612 2193 4.
921 2185 925 2192 .

193 2238 361 2320 remipes
384 2237 479 2319 epist.
502 2242 531 2315 3,
555 2242 592 2298 13
614 2233 692 2299 ibid.
716 2241 745 2315 5,
767 2242 807 2298 34
829 2232 909 2318 (32).

194 2345 428 2427 volucripes
450 2345 545 2428 epist.
569 2350 597 2422 9,
621 2350 671 2409 16.
692 2342 819 2425 (Sidon.
842 2364 891 2427 ep.
915 2348 944 2422 9,
968 2342 1032 2424 1⁵.)

113 2504 115 2508 ¹
178 2477 357 2543 Adiectivc
378 2479 412 2541 in
437 2475 523 2556 „fcr“
548 2482 582 2540 et
606 2476 701 2560 „ger“
725 2477 904 2541 terminata
925 2475 1007 2541 haec
1029 2482 1120 2540 sunt:

196 2584 373 2680 falciger
395 2584 497 2668 eclog.
520 2583 565 2661 cle,
581 2585 639 2648 fer.
662 2582 755 2648 Rom.
776 2589 825 2646 36.
883 2615 891 2628 =

196 2667 383 2761 flagrifer
404 2668 499 2761 epist.
523 2673 572 2746 14,
595 2671 643 2730 10.

197 2773 359 2840 fletifer
380 2774 472 2859 idyll.
495 2781 524 2855 6,
546 2780 594 2867 74.
1158 2846 1160 2852 y

196 2882 441 2966 tricorniger
462 2881 555 2965 idyll.
581 2888 629 2944 12.
652 2880 692 2945 de
712 2879 800 2944 liter.
823 2900 944 2943 monos.
968 2879 1024 2979 (ir.
1048 2900 1086 2944 ac
1109 2879 1183 2946 Lat.
1209 2887 1256 2944 27.

182 3011 254 3076 Duo
277 3020 399 3077 exeunt
421 3013 456 3076 in
479 3012 552 3095 syll.
574 3013 668 3076 ficusz'

198 3118 407 3184 modifices
428 3121 463 3184 in
485 3127 611 3202 parent.
634 3124 683 3198 27,
706 3125 733 3181 2.

198 3225 410 3307 pultifious
432 3225 525 3309 idyll.
549 3233 597 3289 12.
621 3226 659 3289 de
682 3224 765 3289 cibis
788 3230 816 3286 5.

181 3356 256 3421 Duo
285 3356 425 3440 denique
455 3358 626 3422 adiectiva·
643 3357 825 3441 composite
846 3356 927 3420 mihi
953 3355 1233 3423 commemoranda
1255 3365 1343 3439 sunt,

98 3481 183 3547 quae
205 3464 293 3528 inter
314 3484 425 3528 omnes
446 3485 543 3528 voces
562 3463 772 3529 Ausonianas
786 3470 820 3530 et
834 3471 1017 3530 memoratu
1032 3464 1226 3550 dignissimo
1241 3473 1276 3530 et
1295 3466 1342 3528 in-

97 3571 235 3637 tellectu
258 3569 451 3636 difficillima
473 3576 573 3637 sunt:-

199 3685 386 3764 tergenus
408 3686 441 3745 et
465 3679 780 3764 quinquegenus,
802 3680 970 3746 adiectivc
991 3676 1249 3745 indeclinabilis.
1293 3677 1341 3743 of.

297 3784 455 3865 Foroell.,
485 3786 544 3851 sed
565 3786 720 3852 Klotzius
749 3787 833 3852 falso
865 3787 1114 3872 quinquegenus
1142 3785 1343 3853 adiectivum

297 3893 399 3957 trium
420 3913 577 3978 generum
598 3893 761 3978 designat.
852 3922 854 3927 ·

53 4012 64 4026 ⁸
182 4021 302 4090 Mirum
334 4033 422 4091 certe
445 4045 550 4111 genus
573 4026 718 4104 dicendi,
748 4045 822 4089 cnm
851 4024 1019 4091 Ausonius
1040 4025 1075 4089 in
1097 4024 1190 4109 idyll.
1209 4033 1269 4121 ¹ll,
1291 4031 1342 4088 43.

98 4131 145 4197 sic
166 4133 327 4216 loquitur:

300 4241 472 4322 „Humana
496 4240 642 4306 efficiunt
663 4237 856 4304 habitacula
878 4247 1068 4325 tergenus
1090 4240 1207 4305 artes.“

98 4355 132 4414 et
153 4347 232 4414 ibid.
254 4355 307 4413 49:

300 4452 397 4533 „Tor
402 4473 524 4538 genus
546 4452 758 4540 omnigenum
779 4453 928 4541 genitor,
945 4455 1115 4537 genitrix,
1128 4452 1358 4532 genuinum&

1076 4551 1131 4612 *2*
