2880 4776
594 188 799 245 ..16-

74 344 302 424 ostendamus,
331 347 369 409 in
397 345 617 412 substantivis
648 345 850 413 declinandis
879 365 1038 428 quasnam
1068 343 1236 410 Ausonius
1265 345 1321 409 ha-

73 452 154 518 beat
175 453 423 536 proprietates.

599 622 796 638 .......,-

660 722 690 798 a
713 704 742 783 'a
814 702 817 719 ²

362 883 412 962 llo
438 882 751 965 substantivorum
776 881 1028 963 declinatione.

156 1049 359 1143 inusitatum
389 1050 467 1133 quid
497 1052 598 1117 etiam
626 1052 661 1115 in
683 1052 851 1117 nominum
874 1050 1157 1116 substantivorum
1180 1050 1320 1115 declina-

72 1157 162 1222 tione
192 1156 362 1247 Ausonius
392 1157 564 1224 affectavit
594 1165 695 1241 atque
730 1159 907 1222 maximam
942 1163 1070 1241 partem
1104 1157 1320 1240 antiquitatis

73 1264 182 1329 studio
206 1261 435 1349 obtemperans
456 1267 498 1330 iis
520 1267 633 1332 formis
655 1286 734 1330 usus
750 1272 811 1345 eoo,
833 1267 1016 1348 quaeinter
1031 1264 1240 1343 archaismos,
1263 1265 1320 1346 qui

72 1377 243 1452 vocantur,
265 1372 485 1438 numerandae
507 1379 595 1441 sunt.
631 1373 789 1441 Nostrum
812 1378 872 1452 est,
895 1373 1039 1455 quinque
1062 1372 1319 1438 declinationum

72 1477 201 1543 ordines
223 1479 376 1566 deinceps
398 1481 594 1546 examinare.
1305 1471 1307 1476 '

570 1630 597 1694 1.
620 1628 815 1699 munaus.

86 1772 88 1777 ¹
154 1741 287 1809 Primae
320 1738 552 1811 declinationis
582 1745 756 1830 genetivus
785 1745 885 1809 semel
916 1744 1003 1828 apud
1024 1744 1208 1809 Ausonium
1232 1747 1266 1809 in
1288 1746 1321 1810 ai

72 1849 236 1934 syllabam
258 1851 389 1917 desinit.
433 1852 474 1916 In
495 1852 588 1936 idyll.
613 1858 640 1933 7,
663 1858 706 1916 5.;

272 1958 381 2025 Matre
403 1950 526 2039 careni,
547 1960 688 2025 nutricis
710 1981 820 2045 egens,
841 1962 983 2042 nescivit
1003 1960 1114 2024 herai

270 2066 460 2152 Imperium.
661 2066 679 2104 ³*

154 2173 312 2241 Mutilum
342 2182 393 2245 est
420 2177 482 2249 hoc
511 2177 675 2242 distichon
703 2176 825 2240 lacuna
852 2182 1005 2242 exstante
1027 2177 1061 2239 in
1083 2195 1180 2240 versu
1201 2174 1317 2240 altero.

70 2281 153 2348 Inde
175 2282 397 2369 Boeokingius
419 2285 453 2348 in
481 2284 558 2350 edit.
581 2284 709 2349 Mosell.
733 2305 763 2366 p.
789 2289 825 2347 71
851 2281 1000 2365 (Bonnae
1024 2280 1137 2365 1842),
1170 2283 1235 2362 cui
1248 2283 1318 2360 „he-

70 2387 140 2455 rai“
152 2396 341 2473 suspectum
355 2398 452 2473 esset,
474 2391 643 2477 Scaligero
665 2396 801 2457 anctore
822 2392 948 2475 recepit
968 2392 1003 2455 in
1025 2396 1155 2455 textum
1167 2390 1318 2470 „herile“.

71 2493 138 2562 Seu
158 2516 262 2578 voror,
281 2505 322 2574 ort
344 2499 460 2566 doctus
481 2500 540 2564 ille
561 2499 613 2564 vir
633 2499 725 2564 iusta
746 2499 875 2564 nitatur
896 2499 1034 2563 ratione.
1077 2498 1164 2562 Nam
1186 2517 1244 2561 cur
1252 2480 1320 2570 Au:

71 2603 200 2684 nonius,
232 2606 352 2690 quippe
373 2608 554 2679 vetustatis
576 2607 824 2672 amantissimus
847 2604 895 2688 (id
918 2605 1005 2688 quod
1026 2604 1140 2669 multis
1163 2603 1321 2687 exemplis
1422 2627 1425 2631 ’

71 2711 158 2777 infra
180 2711 294 2780 allatis
317 2716 399 2792 satis
421 2712 573 2805 apparet)
595 2715 681 2780 hanc
702 2719 871 2780 vetustam
892 2714 1031 2778 formam
1048 2719 1244 2796 aspernatus
1266 2712 1321 2791 sit,

72 2819 222 2904 equidem
242 2843 307 2887 non
330 2821 435 2893 video.
459 2802 461 2807 ’

154 2926 259 2994 Aliud
278 2930 350 2995 eins
371 2931 520 3016 genetivi
542 2930 727 3014 exemplum
748 2928 873 3014 legitur
894 2929 930 2992 in
942 2928 1066 2992 Auson.
1089 2926 1230 3018 eclogar.
1253 2945 1321 2991 car·

71 3036 173 3116 mine,
205 3037 291 3119 quod
312 3035 519 3104 inscribitur:
544 3036 588 3112 Q.
612 3036 778 3102 Ciceronis
800 3058 915 3100 versus
938 3057 975 3100 eo
998 3036 1165 3118 pertinent
1187 3041 1248 3099 etc.
1272 3056 1319 3098 vs.

73 3149 133 3224 10,
161 3142 298 3228 Nepai.
350 3143 414 3210 Sed
442 3145 478 3211 id
508 3165 638 3210 carmen
668 3142 707 3220 Q.
740 3143 889 3209 Ciceroni
919 3141 1131 3208 tribuendum
1159 3147 1218 3206 est.
1271 3140 1319 3206 Of.

70 3252 181 3318 Burm.
203 3250 339 3318 Anthol.
362 3252 437 3317 Lat.
461 3257 490 3333 5,
510 3259 560 3317 41.
583 3252 696 3318 Meier.
720 3259 769 3316 66.
1143 3328 1152 3337 ..

155 3360 357 3426 Terminatio
389 3361 536 3445 genetivi
564 3381 652 3425 num.
682 3360 766 3444 plur.
798 3359 891 3440 ,‚um“
923 3381 981 3442 pro
1016 3359 1146 3438 „arum“
1175 3376 1319 3441 syncopa

71 3467 214 3535 admissa
236 3467 292 3550 (cf.
314 3466 416 3534 Prisc.
441 3475 469 3548 7,
491 3474 519 3548 3,
542 3475 570 3534 9.
593 3489 624 3553 p.
649 3465 737 3551 732),
760 3467 802 3532 ab
831 3466 980 3533 Ausonio
1009 3467 1043 3531 in
1072 3466 1162 3531 hisce
1183 3463 1319 3530 vocibus

71 3577 258 3642 exhibetur:
767 3609 768 3615 κ
1022 3559 1023 3565 ¹
1097 3577 1100 3583 '
1362 3564 1364 3568 ⁴

153 3682 346 3750 Aeneadum
366 3687 403 3773 in
424 3687 526 3772 epigr.
548 3690 601 3764 33,
624 3692 652 3749 2.
675 3686 718 3750 al.
740 3685 776 3763 1.;
820 3681 983 3748 Druidum
1008 3682 1043 3747 in
1070 3681 1151 3764 prof.
1180 3686 1236 3757 lc,
1269 3683 1318 3741 22.

72 3798 106 3859 et
128 3792 272 3877 epitaph.
297 3799 360 3873 27,
391 3792 592 3858 Caelicolum
612 3793 648 3857 in
669 3791 763 3877 idyll.
787 3796 836 3855 12.
860 3790 899 3856 de
922 3789 1006 3871 deis,
1028 3789 1070 3854 al.
1092 3788 1114 3851 l.
1136 3787 1174 3865 l.;
1207 3785 1319 3852 Cecro-

71 3899 184 3985 pidum
212 3901 246 3965 in
275 3901 371 3985 epist.
403 3906 459 3981 34,
489 3904 546 3980 553
573 3900 752 3967 Latoidum
779 3901 814 3965 in
842 3898 986 3984 epitaph.
1009 3904 1065 3976 27;
1093 3896 1261 3961 Macetum
1284 3896 1318 3960 in

73 4008 150 4075 clar.
172 4007 244 4076 urb.
268 4015 296 4088 2,
319 4014 347 4072 9.
391 4007 625 4108 Sauromatum
643 4009 681 4074 in
703 4007 796 4093 idyll.
820 4013 871 4089 10,
892 4014 920 4072 9.

156 4117 359 4184 Terminatio
381 4116 488 4183 dativi
509 4136 568 4182 sen
589 4116 731 4183 ablativi
752 4136 841 4181 num.
863 4115 946 4200 plur.
963 4114 1083 4193 „abus“
1108 4134 1172 4178 uno
1187 4119 1319 4180 tantum

73 4225 145 4292 loco
168 4225 256 4310 apud
276 4223 461 4291 Ausonium
482 4225 647 4309 reperitur
666 4224 703 4289 in
723 4222 866 4308 perioch.
890 4229 939 4286 11.
962 4219 1035 4287 Od:
1134 4249 1136 4253 ’

274 4334 396 4399 circum
416 4332 608 4399 uolantibus
630 4331 844 4397 animabus.
971 4338 972 4343 ’
1001 4342 1003 4347 ·

73 4439 121 4510 Of.
145 4461 229 4527 quae
250 4440 290 4508 de
311 4442 554 4511 terminatione.
568 4440 689 4523 „abac
712 4439 878 4510 dissensit.
899 4440 1003 4523 Neue,
1023 4439 1050 4506 Ι.
1068 4445 1164 4526 pal.
1186 4456 1256 4521 sqq.
1269 4442 1318 4502 30.
